<?xml version='1.0' encoding='UTF-8'?>
<Document xmlns="urn:iso:std:iso:20022:tech:xsd:pain.001.001.09" xmlns:xsi="http://www.w3.org/2001/XMLSchema-instance">
  <CstmrCdtTrfInitn>
    <GrpHdr>
      <MsgId>MSG-397b5f515ffa</MsgId>
      <CreDtTm>2026-03-21T10:50:44.900188</CreDtTm>
      <NbOfTxs>3</NbOfTxs>
      <CtrlSum>2400</CtrlSum>
      <InitgPty>
        <Nm>Muster AG</Nm>
      </InitgPty>
    </GrpHdr>
    <PmtInf>
      <PmtInfId>PMT-195d82f8ee4a</PmtInfId>
      <PmtMtd>TRF</PmtMtd>
      <NbOfTxs>3</NbOfTxs>
      <CtrlSum>2400</CtrlSum>
      <ReqdExctnDt>
        <Dt>2026-03-23</Dt>
      </ReqdExctnDt>
      <Dbtr>
        <Nm>Muster AG</Nm>
        <PstlAdr>
          <StrtNm>Bahnhofstrasse</StrtNm>
          <BldgNb>1</BldgNb>
          <PstCd>8001</PstCd>
          <TwnNm>Zuerich</TwnNm>
          <Ctry>CH</Ctry>
        </PstlAdr>
      </Dbtr>
      <DbtrAcct>
        <Id>
          <IBAN>CH5604835012345678009</IBAN>
        </Id>
      </DbtrAcct>
      <DbtrAgt>
        <FinInstnId>
          <BICFI>CRESCHZZ80A</BICFI>
        </FinInstnId>
      </DbtrAgt>
      <CdtTrfTxInf>
        <PmtId>
          <EndToEndId>E2E-6c645c15aba3</EndToEndId>
        </PmtId>
        <Amt>
          <InstdAmt Ccy="CHF">800</InstdAmt>
        </Amt>
        <Cdtr>
          <Nm>Gfeller  Partner</Nm>
          <PstlAdr>
            <StrtNm>Studerstrasse</StrtNm>
            <BldgNb>162</BldgNb>
            <PstCd>4547</PstCd>
            <TwnNm>Maennedorf</TwnNm>
            <Ctry>CH</Ctry>
          </PstlAdr>
        </Cdtr>
        <CdtrAcct>
          <Id>
            <IBAN>CH3030899889255466590</IBAN>
          </Id>
        </CdtrAcct>
      </CdtTrfTxInf>
      <CdtTrfTxInf>
        <PmtId>
          <EndToEndId>E2E-f73157494f39</EndToEndId>
        </PmtId>
        <Amt>
          <InstdAmt Ccy="CHF">800</InstdAmt>
        </Amt>
        <Cdtr>
          <Nm>Hirt AG</Nm>
          <PstlAdr>
            <StrtNm>Studerstrasse</StrtNm>
            <BldgNb>20</BldgNb>
            <PstCd>4547</PstCd>
            <TwnNm>Maennedorf</TwnNm>
            <Ctry>CH</Ctry>
          </PstlAdr>
        </Cdtr>
        <CdtrAcct>
          <Id>
            <IBAN>CH6431041505423573322</IBAN>
          </Id>
        </CdtrAcct>
      </CdtTrfTxInf>
      <CdtTrfTxInf>
        <PmtId>
          <EndToEndId>E2E-62dbc8503c5b</EndToEndId>
        </PmtId>
        <Amt>
          <InstdAmt Ccy="CHF">800</InstdAmt>
        </Amt>
        <Cdtr>
          <Nm>Hirt AG</Nm>
          <PstlAdr>
            <StrtNm>Studerstrasse</StrtNm>
            <BldgNb>52</BldgNb>
            <PstCd>4547</PstCd>
            <TwnNm>Maennedorf</TwnNm>
            <Ctry>CH</Ctry>
          </PstlAdr>
        </Cdtr>
        <CdtrAcct>
          <Id>
            <IBAN>CH5931656735977468862</IBAN>
          </Id>
        </CdtrAcct>
      </CdtTrfTxInf>
    </PmtInf>
  </CstmrCdtTrfInitn>
</Document>
