<?xml version='1.0' encoding='UTF-8'?>
<Document xmlns="urn:iso:std:iso:20022:tech:xsd:pain.001.001.09" xmlns:xsi="http://www.w3.org/2001/XMLSchema-instance">
  <CstmrCdtTrfInitn>
    <GrpHdr>
      <MsgId>MSG-abb316a74329</MsgId>
      <CreDtTm>2026-03-28T18:02:53.608781</CreDtTm>
      <NbOfTxs>1</NbOfTxs>
      <CtrlSum>8500</CtrlSum>
      <InitgPty>
        <Nm>Muster AG</Nm>
      </InitgPty>
    </GrpHdr>
    <PmtInf>
      <PmtInfId>PMT-f7464c028718</PmtInfId>
      <PmtMtd>TRF</PmtMtd>
      <NbOfTxs>1</NbOfTxs>
      <CtrlSum>8500</CtrlSum>
      <PmtTpInf>
        <CtgyPurp>
          <Cd>SALA</Cd>
        </CtgyPurp>
      </PmtTpInf>
      <ReqdExctnDt>
        <Dt>2026-03-30</Dt>
      </ReqdExctnDt>
      <Dbtr>
        <Nm>Muster AG</Nm>
      </Dbtr>
      <DbtrAcct>
        <Id>
          <IBAN>CH5604835012345678009</IBAN>
        </Id>
      </DbtrAcct>
      <DbtrAgt>
        <FinInstnId>
          <BICFI>CRESCHZZ80A</BICFI>
        </FinInstnId>
      </DbtrAgt>
      <ChrgBr>DEBT</ChrgBr>
      <CdtTrfTxInf>
        <PmtId>
          <EndToEndId>E2E-327375bf5373</EndToEndId>
          <UETR>85502140-4fc6-4933-8550-45a39cb9b5e9</UETR>
        </PmtId>
        <Amt>
          <InstdAmt Ccy="GBP">8500</InstdAmt>
        </Amt>
        <CdtrAgt>
          <FinInstnId>
            <BICFI>WESTGB2L</BICFI>
          </FinInstnId>
        </CdtrAgt>
        <Cdtr>
          <Nm>John Smith</Nm>
          <PstlAdr>
            <StrtNm>Figueroa Village</StrtNm>
            <BldgNb>138</BldgNb>
            <PstCd>92696</PstCd>
            <TwnNm>North Mathew</TwnNm>
            <Ctry>GB</Ctry>
          </PstlAdr>
        </Cdtr>
        <CdtrAcct>
          <Id>
            <IBAN>GB82WEST12345698765432</IBAN>
          </Id>
        </CdtrAcct>
      </CdtTrfTxInf>
    </PmtInf>
  </CstmrCdtTrfInitn>
</Document>
