<?xml version='1.0' encoding='UTF-8'?>
<Document xmlns="urn:iso:std:iso:20022:tech:xsd:pain.001.001.09" xmlns:xsi="http://www.w3.org/2001/XMLSchema-instance">
  <CstmrCdtTrfInitn>
    <GrpHdr>
      <MsgId>MSG-07e67cb090bd</MsgId>
      <CreDtTm>2026-03-28T18:02:53.612637</CreDtTm>
      <NbOfTxs>1</NbOfTxs>
      <CtrlSum>2200</CtrlSum>
      <InitgPty>
        <Nm>Muster AG</Nm>
      </InitgPty>
    </GrpHdr>
    <PmtInf>
      <PmtInfId>PMT-4ac667803874</PmtInfId>
      <PmtMtd>TRF</PmtMtd>
      <NbOfTxs>1</NbOfTxs>
      <CtrlSum>2200</CtrlSum>
      <ReqdExctnDt>
        <Dt>2026-03-30</Dt>
      </ReqdExctnDt>
      <Dbtr>
        <Nm>Muster AG</Nm>
      </Dbtr>
      <DbtrAcct>
        <Id>
          <IBAN>CH5604835012345678009</IBAN>
        </Id>
      </DbtrAcct>
      <DbtrAgt>
        <FinInstnId>
          <BICFI>CRESCHZZ80A</BICFI>
        </FinInstnId>
      </DbtrAgt>
      <CdtTrfTxInf>
        <PmtId>
          <EndToEndId>E2E-7d1b695e71a0</EndToEndId>
        </PmtId>
        <Amt>
          <InstdAmt Ccy="CHF">2200</InstdAmt>
        </Amt>
        <Cdtr>
          <Nm>Scheidegger  Soehne</Nm>
          <PstlAdr>
            <BldgNb>176</BldgNb>
            <PstCd>7861</PstCd>
            <TwnNm>Martigny</TwnNm>
            <Ctry>CH</Ctry>
          </PstlAdr>
        </Cdtr>
        <CdtrAcct>
          <Id>
            <IBAN>CH8161113905072368876</IBAN>
          </Id>
        </CdtrAcct>
      </CdtTrfTxInf>
    </PmtInf>
  </CstmrCdtTrfInitn>
</Document>
