<?xml version='1.0' encoding='UTF-8'?>
<Document xmlns="urn:iso:std:iso:20022:tech:xsd:pain.001.001.09" xmlns:xsi="http://www.w3.org/2001/XMLSchema-instance">
  <CstmrCdtTrfInitn>
    <GrpHdr>
      <MsgId>MSG-f982f4e08603</MsgId>
      <CreDtTm>2026-03-28T18:02:53.554120</CreDtTm>
      <NbOfTxs>1</NbOfTxs>
      <CtrlSum>5000</CtrlSum>
      <InitgPty>
        <Nm>Kunz  Partner</Nm>
      </InitgPty>
    </GrpHdr>
    <PmtInf>
      <PmtInfId>PMT-86abd4e7f412</PmtInfId>
      <PmtMtd>TRF</PmtMtd>
      <NbOfTxs>1</NbOfTxs>
      <CtrlSum>5000</CtrlSum>
      <ReqdExctnDt>
        <Dt>2026-03-30</Dt>
      </ReqdExctnDt>
      <Dbtr>
        <Nm>Kunz  Partner</Nm>
      </Dbtr>
      <DbtrAcct>
        <Id>
          <IBAN>CH5604835012345678009</IBAN>
        </Id>
      </DbtrAcct>
      <DbtrAgt>
        <FinInstnId/>
      </DbtrAgt>
      <ChrgBr>SHAR</ChrgBr>
      <CdtTrfTxInf>
        <PmtId>
          <EndToEndId>E2E-aa143cd82ff3</EndToEndId>
          <UETR>3f821994-dc00-4417-a14f-2e9223a14b76</UETR>
        </PmtId>
        <Amt>
          <InstdAmt Ccy="CAD">5000</InstdAmt>
        </Amt>
        <Cdtr>
          <Nm>Leunberger Kaufmann AG</Nm>
          <PstlAdr>
            <StrtNm>Sampson Manor</StrtNm>
            <BldgNb>62</BldgNb>
            <PstCd>74279</PstCd>
            <TwnNm>Port Heidishire</TwnNm>
            <Ctry>BA</Ctry>
          </PstlAdr>
        </Cdtr>
        <CdtrAcct>
          <Id>
            <IBAN>BA037117980893246095</IBAN>
          </Id>
        </CdtrAcct>
      </CdtTrfTxInf>
    </PmtInf>
  </CstmrCdtTrfInitn>
</Document>
