<?xml version='1.0' encoding='UTF-8'?>
<Document xmlns="urn:iso:std:iso:20022:tech:xsd:pain.001.001.09" xmlns:xsi="http://www.w3.org/2001/XMLSchema-instance">
  <CstmrCdtTrfInitn>
    <GrpHdr>
      <MsgId>MSG-9d8776a072d7</MsgId>
      <CreDtTm>2026-03-28T23:33:55.855820</CreDtTm>
      <NbOfTxs>1</NbOfTxs>
      <CtrlSum>5000</CtrlSum>
      <InitgPty>
        <Nm>Stutz GmbH</Nm>
      </InitgPty>
    </GrpHdr>
    <PmtInf>
      <PmtInfId>PMT-04dd70541448</PmtInfId>
      <PmtMtd>TRF</PmtMtd>
      <NbOfTxs>1</NbOfTxs>
      <CtrlSum>5000</CtrlSum>
      <ReqdExctnDt>
        <Dt>2026-03-30</Dt>
      </ReqdExctnDt>
      <Dbtr>
        <Nm>Stutz GmbH</Nm>
      </Dbtr>
      <DbtrAcct>
        <Id>
          <IBAN>CH5604835012345678009</IBAN>
        </Id>
      </DbtrAcct>
      <DbtrAgt>
        <FinInstnId/>
      </DbtrAgt>
      <ChrgBr>SHAR</ChrgBr>
      <CdtTrfTxInf>
        <PmtId>
          <EndToEndId>E2E-c24369e72387</EndToEndId>
          <UETR>f318e169-fa4b-4db9-9f7a-7e91d5ecc6d7</UETR>
        </PmtId>
        <Amt>
          <InstdAmt Ccy="GBP">5000</InstdAmt>
        </Amt>
        <Cdtr>
          <Nm>Sidler Mueller AG</Nm>
          <PstlAdr>
            <StrtNm>Pitts Roads</StrtNm>
            <BldgNb>121</BldgNb>
            <PstCd>53052</PstCd>
            <TwnNm>New Jonathanview</TwnNm>
            <Ctry>PK</Ctry>
          </PstlAdr>
        </Cdtr>
        <CdtrAcct>
          <Id>
            <IBAN>PK5450606853615305152204</IBAN>
          </Id>
        </CdtrAcct>
      </CdtTrfTxInf>
    </PmtInf>
  </CstmrCdtTrfInitn>
</Document>
