<?xml version='1.0' encoding='UTF-8'?>
<Document xmlns="urn:iso:std:iso:20022:tech:xsd:pain.001.001.09" xmlns:xsi="http://www.w3.org/2001/XMLSchema-instance">
  <CstmrCdtTrfInitn>
    <GrpHdr>
      <MsgId>MSG-4a15544dc5e7</MsgId>
      <CreDtTm>2026-03-28T18:02:53.484720</CreDtTm>
      <NbOfTxs>1</NbOfTxs>
      <CtrlSum>250.5</CtrlSum>
      <InitgPty>
        <Nm>Vogel Steiger AG</Nm>
      </InitgPty>
    </GrpHdr>
    <PmtInf>
      <PmtInfId>PMT-3b982ef8daf6</PmtInfId>
      <PmtMtd>TRF</PmtMtd>
      <NbOfTxs>1</NbOfTxs>
      <CtrlSum>250.5</CtrlSum>
      <PmtTpInf>
        <SvcLvl>
          <Cd>SEPA</Cd>
        </SvcLvl>
      </PmtTpInf>
      <ReqdExctnDt>
        <Dt>2026-03-30</Dt>
      </ReqdExctnDt>
      <Dbtr>
        <Nm>Vogel Steiger AG</Nm>
      </Dbtr>
      <DbtrAcct>
        <Id>
          <IBAN>CH5604835012345678009</IBAN>
        </Id>
      </DbtrAcct>
      <DbtrAgt>
        <FinInstnId/>
      </DbtrAgt>
      <ChrgBr>SLEV</ChrgBr>
      <CdtTrfTxInf>
        <PmtId>
          <EndToEndId>E2E-0bbb259911ce</EndToEndId>
        </PmtId>
        <Amt>
          <InstdAmt Ccy="CHF">250.5</InstdAmt>
        </Amt>
        <Cdtr>
          <Nm>Schaer Portmann GmbH</Nm>
          <PstlAdr>
            <StrtNm>Mudegasse</StrtNm>
            <BldgNb>148</BldgNb>
            <PstCd>67520</PstCd>
            <TwnNm>Wesel</TwnNm>
            <Ctry>DE</Ctry>
          </PstlAdr>
        </Cdtr>
        <CdtrAcct>
          <Id>
            <IBAN>DE10116155940781618495</IBAN>
          </Id>
        </CdtrAcct>
      </CdtTrfTxInf>
    </PmtInf>
  </CstmrCdtTrfInitn>
</Document>
