<?xml version='1.0' encoding='UTF-8'?>
<Document xmlns="urn:iso:std:iso:20022:tech:xsd:pain.001.001.09" xmlns:xsi="http://www.w3.org/2001/XMLSchema-instance">
  <CstmrCdtTrfInitn>
    <GrpHdr>
      <MsgId>MSG-315c167a45d8</MsgId>
      <CreDtTm>2026-03-28T18:02:53.576267</CreDtTm>
      <NbOfTxs>1</NbOfTxs>
      <CtrlSum>5000</CtrlSum>
      <InitgPty>
        <Nm>Kessler AG</Nm>
      </InitgPty>
    </GrpHdr>
    <PmtInf>
      <PmtInfId>PMT-2999394c54a7</PmtInfId>
      <PmtMtd>TRF</PmtMtd>
      <NbOfTxs>1</NbOfTxs>
      <CtrlSum>5000</CtrlSum>
      <ReqdExctnDt>
        <Dt>2026-03-30</Dt>
      </ReqdExctnDt>
      <Dbtr>
        <Nm>Kessler AG</Nm>
      </Dbtr>
      <DbtrAcct>
        <Id>
          <IBAN>CH5604835012345678009</IBAN>
        </Id>
      </DbtrAcct>
      <DbtrAgt>
        <FinInstnId/>
      </DbtrAgt>
      <ChrgBr>SHAR</ChrgBr>
      <CdtTrfTxInf>
        <PmtId>
          <EndToEndId>E2E-d9df0d0e225a</EndToEndId>
          <UETR>0fcc4620-54d5-4fb7-aa52-6f551f526d63</UETR>
        </PmtId>
        <Amt>
          <InstdAmt Ccy="CZK">5000</InstdAmt>
        </Amt>
        <Cdtr>
          <Nm>Schmidt AG</Nm>
          <PstlAdr>
            <StrtNm>Horne Shores</StrtNm>
            <BldgNb>127</BldgNb>
            <PstCd>53293</PstCd>
            <TwnNm>Port Ryan</TwnNm>
            <Ctry>AE</Ctry>
          </PstlAdr>
        </Cdtr>
        <CdtrAcct>
          <Id>
            <IBAN>AE432620672400499154788</IBAN>
          </Id>
        </CdtrAcct>
      </CdtTrfTxInf>
    </PmtInf>
  </CstmrCdtTrfInitn>
</Document>
