<?xml version='1.0' encoding='UTF-8'?>
<Document xmlns="urn:iso:std:iso:20022:tech:xsd:pain.001.001.09" xmlns:xsi="http://www.w3.org/2001/XMLSchema-instance">
  <CstmrCdtTrfInitn>
    <GrpHdr>
      <MsgId>MSG-88cc4d49669b</MsgId>
      <CreDtTm>2026-03-28T23:33:55.904135</CreDtTm>
      <NbOfTxs>1</NbOfTxs>
      <CtrlSum>5000</CtrlSum>
      <InitgPty>
        <Nm>Kaiser  Co.</Nm>
      </InitgPty>
    </GrpHdr>
    <PmtInf>
      <PmtInfId>PMT-dea050c6eb9e</PmtInfId>
      <PmtMtd>TRF</PmtMtd>
      <NbOfTxs>1</NbOfTxs>
      <CtrlSum>5000</CtrlSum>
      <ReqdExctnDt>
        <Dt>2026-03-30</Dt>
      </ReqdExctnDt>
      <Dbtr>
        <Nm>Kaiser  Co.</Nm>
      </Dbtr>
      <DbtrAcct>
        <Id>
          <IBAN>CH5604835012345678009</IBAN>
        </Id>
      </DbtrAcct>
      <DbtrAgt>
        <FinInstnId/>
      </DbtrAgt>
      <ChrgBr>SHAR</ChrgBr>
      <CdtTrfTxInf>
        <PmtId>
          <EndToEndId>E2E-9912316afd9e</EndToEndId>
          <UETR>44f889b7-0d79-4979-89be-08bdbc367303</UETR>
        </PmtId>
        <Amt>
          <InstdAmt Ccy="GBP">5000</InstdAmt>
        </Amt>
        <CdtrAgt>
          <FinInstnId>
            <BICFI>CHASUS33XXX</BICFI>
          </FinInstnId>
        </CdtrAgt>
        <Cdtr>
          <Nm>Hunziker Hasler GmbH</Nm>
          <PstlAdr>
            <StrtNm>Howell Pine</StrtNm>
            <BldgNb>97</BldgNb>
            <PstCd>95487</PstCd>
            <TwnNm>Port Laura</TwnNm>
            <Ctry>BR</Ctry>
          </PstlAdr>
        </Cdtr>
        <CdtrAcct>
          <Id>
            <IBAN>BR486465193982807374167243426</IBAN>
          </Id>
        </CdtrAcct>
      </CdtTrfTxInf>
    </PmtInf>
  </CstmrCdtTrfInitn>
</Document>
