<?xml version='1.0' encoding='UTF-8'?>
<Document xmlns="urn:iso:std:iso:20022:tech:xsd:pain.001.001.09" xmlns:xsi="http://www.w3.org/2001/XMLSchema-instance">
  <CstmrCdtTrfInitn>
    <GrpHdr>
      <MsgId>MSG-f791f1e543f9</MsgId>
      <CreDtTm>2026-03-28T18:02:53.569599</CreDtTm>
      <NbOfTxs>1</NbOfTxs>
      <CtrlSum>5000</CtrlSum>
      <InitgPty>
        <Nm>Meili GmbH</Nm>
      </InitgPty>
    </GrpHdr>
    <PmtInf>
      <PmtInfId>PMT-c6b28deff8d8</PmtInfId>
      <PmtMtd>TRF</PmtMtd>
      <NbOfTxs>1</NbOfTxs>
      <CtrlSum>5000</CtrlSum>
      <ReqdExctnDt>
        <Dt>2026-03-30</Dt>
      </ReqdExctnDt>
      <Dbtr>
        <Nm>Meili GmbH</Nm>
      </Dbtr>
      <DbtrAcct>
        <Id>
          <IBAN>CH5604835012345678009</IBAN>
        </Id>
      </DbtrAcct>
      <DbtrAgt>
        <FinInstnId/>
      </DbtrAgt>
      <ChrgBr>SHAR</ChrgBr>
      <CdtTrfTxInf>
        <PmtId>
          <EndToEndId>E2E-06d25913a117</EndToEndId>
          <UETR>731b4385-2c2b-4c5e-a794-575a616ba530</UETR>
        </PmtId>
        <Amt>
          <InstdAmt Ccy="DKK">5000</InstdAmt>
        </Amt>
        <Cdtr>
          <Nm>Wegmann GmbH</Nm>
          <PstlAdr>
            <StrtNm>Peters Hills</StrtNm>
            <BldgNb>186</BldgNb>
            <PstCd>05880</PstCd>
            <TwnNm>Livingstonmouth</TwnNm>
            <Ctry>IL</Ctry>
          </PstlAdr>
        </Cdtr>
        <CdtrAcct>
          <Id>
            <IBAN>IL226949588879470551694</IBAN>
          </Id>
        </CdtrAcct>
      </CdtTrfTxInf>
    </PmtInf>
  </CstmrCdtTrfInitn>
</Document>
