<?xml version='1.0' encoding='UTF-8'?>
<Document xmlns="urn:iso:std:iso:20022:tech:xsd:pain.001.001.09" xmlns:xsi="http://www.w3.org/2001/XMLSchema-instance">
  <CstmrCdtTrfInitn>
    <GrpHdr>
      <MsgId>MSG-2c913a7ca340</MsgId>
      <CreDtTm>2026-03-28T18:02:53.560387</CreDtTm>
      <NbOfTxs>1</NbOfTxs>
      <CtrlSum>5000</CtrlSum>
      <InitgPty>
        <Nm>Flueckiger Berger AG</Nm>
      </InitgPty>
    </GrpHdr>
    <PmtInf>
      <PmtInfId>PMT-3967e60a823d</PmtInfId>
      <PmtMtd>TRF</PmtMtd>
      <NbOfTxs>1</NbOfTxs>
      <CtrlSum>5000</CtrlSum>
      <ReqdExctnDt>
        <Dt>2026-03-30</Dt>
      </ReqdExctnDt>
      <Dbtr>
        <Nm>Flueckiger Berger AG</Nm>
      </Dbtr>
      <DbtrAcct>
        <Id>
          <IBAN>CH5604835012345678009</IBAN>
        </Id>
      </DbtrAcct>
      <DbtrAgt>
        <FinInstnId/>
      </DbtrAgt>
      <ChrgBr>SHAR</ChrgBr>
      <CdtTrfTxInf>
        <PmtId>
          <EndToEndId>E2E-b5a5f8e6b639</EndToEndId>
          <UETR>81f0551d-62d2-4bab-9e95-061916b34376</UETR>
        </PmtId>
        <Amt>
          <InstdAmt Ccy="NOK">5000</InstdAmt>
        </Amt>
        <Cdtr>
          <Nm>Graf AG</Nm>
          <PstlAdr>
            <StrtNm>Sampson Manor</StrtNm>
            <BldgNb>77</BldgNb>
            <PstCd>74279</PstCd>
            <TwnNm>Port Heidishire</TwnNm>
            <Ctry>BA</Ctry>
          </PstlAdr>
        </Cdtr>
        <CdtrAcct>
          <Id>
            <IBAN>BA304731217271551884</IBAN>
          </Id>
        </CdtrAcct>
      </CdtTrfTxInf>
    </PmtInf>
  </CstmrCdtTrfInitn>
</Document>
