<?xml version='1.0' encoding='UTF-8'?>
<Document xmlns="urn:iso:std:iso:20022:tech:xsd:pain.001.001.09" xmlns:xsi="http://www.w3.org/2001/XMLSchema-instance">
  <CstmrCdtTrfInitn>
    <GrpHdr>
      <MsgId>MSG-58f0dd23aaf7</MsgId>
      <CreDtTm>2026-03-21T10:50:44.907851</CreDtTm>
      <NbOfTxs>1</NbOfTxs>
      <CtrlSum>5500</CtrlSum>
      <InitgPty>
        <Nm>Helvetia Versicherungen AG</Nm>
      </InitgPty>
    </GrpHdr>
    <PmtInf>
      <PmtInfId>PMT-8acbbe098ccc</PmtInfId>
      <PmtMtd>TRF</PmtMtd>
      <NbOfTxs>1</NbOfTxs>
      <CtrlSum>5500</CtrlSum>
      <PmtTpInf>
        <SvcLvl>
          <Cd>SEPA</Cd>
        </SvcLvl>
      </PmtTpInf>
      <ReqdExctnDt>
        <Dt>2026-03-23</Dt>
      </ReqdExctnDt>
      <Dbtr>
        <Nm>Helvetia Versicherungen AG</Nm>
        <PstlAdr>
          <StrtNm>Dufourstrasse</StrtNm>
          <BldgNb>40</BldgNb>
          <PstCd>9001</PstCd>
          <TwnNm>St. Gallen</TwnNm>
          <Ctry>CH</Ctry>
        </PstlAdr>
      </Dbtr>
      <DbtrAcct>
        <Id>
          <IBAN>CH3908704016075473007</IBAN>
        </Id>
      </DbtrAcct>
      <DbtrAgt>
        <FinInstnId>
          <BICFI>RAIFCH22</BICFI>
        </FinInstnId>
      </DbtrAgt>
      <ChrgBr>DEBT</ChrgBr>
      <CdtTrfTxInf>
        <PmtId>
          <EndToEndId>E2E-d8741408f7b2</EndToEndId>
        </PmtId>
        <Amt>
          <InstdAmt Ccy="EUR">5500</InstdAmt>
        </Amt>
        <Cdtr>
          <Nm>Hirt AG</Nm>
          <PstlAdr>
            <StrtNm>Joanne Summit</StrtNm>
            <BldgNb>23</BldgNb>
            <PstCd>72464</PstCd>
            <TwnNm>Scottview</TwnNm>
            <Ctry>SK</Ctry>
          </PstlAdr>
        </Cdtr>
        <CdtrAcct>
          <Id>
            <IBAN>SK9727868144739473121727</IBAN>
          </Id>
        </CdtrAcct>
      </CdtTrfTxInf>
    </PmtInf>
  </CstmrCdtTrfInitn>
</Document>
