<?xml version='1.0' encoding='UTF-8'?>
<Document xmlns="urn:iso:std:iso:20022:tech:xsd:pain.001.001.09" xmlns:xsi="http://www.w3.org/2001/XMLSchema-instance">
  <CstmrCdtTrfInitn>
    <GrpHdr>
      <MsgId>MSG-6a74dbb75fa5</MsgId>
      <CreDtTm>2026-03-28T18:02:53.578738</CreDtTm>
      <NbOfTxs>1</NbOfTxs>
      <CtrlSum>5000</CtrlSum>
      <InitgPty>
        <Nm>Kunz  Partner</Nm>
      </InitgPty>
    </GrpHdr>
    <PmtInf>
      <PmtInfId>PMT-78883058e9ad</PmtInfId>
      <PmtMtd>TRF</PmtMtd>
      <NbOfTxs>1</NbOfTxs>
      <CtrlSum>5000</CtrlSum>
      <ReqdExctnDt>
        <Dt>2026-03-30</Dt>
      </ReqdExctnDt>
      <Dbtr>
        <Nm>Kunz  Partner</Nm>
      </Dbtr>
      <DbtrAcct>
        <Id>
          <IBAN>CH5604835012345678009</IBAN>
        </Id>
      </DbtrAcct>
      <DbtrAgt>
        <FinInstnId/>
      </DbtrAgt>
      <ChrgBr>SHAR</ChrgBr>
      <CdtTrfTxInf>
        <PmtId>
          <EndToEndId>E2E-bf6b8cdf7479</EndToEndId>
          <UETR>87a9818c-e7fd-4c32-86f6-9976cd7a529f</UETR>
        </PmtId>
        <Amt>
          <InstdAmt Ccy="TRY">5000</InstdAmt>
        </Amt>
        <Cdtr>
          <Nm>Leunberger Kaufmann AG</Nm>
          <PstlAdr>
            <StrtNm>Marc Glens</StrtNm>
            <BldgNb>35</BldgNb>
            <PstCd>44447</PstCd>
            <TwnNm>Owensberg</TwnNm>
            <Ctry>RS</Ctry>
          </PstlAdr>
        </Cdtr>
        <CdtrAcct>
          <Id>
            <IBAN>RS46045301742684145933</IBAN>
          </Id>
        </CdtrAcct>
      </CdtTrfTxInf>
    </PmtInf>
  </CstmrCdtTrfInitn>
</Document>
