<?xml version='1.0' encoding='UTF-8'?>
<Document xmlns="urn:iso:std:iso:20022:tech:xsd:pain.001.001.09" xmlns:xsi="http://www.w3.org/2001/XMLSchema-instance">
  <CstmrCdtTrfInitn>
    <GrpHdr>
      <MsgId>MSG-a1384ddce2d9</MsgId>
      <CreDtTm>2026-03-28T23:33:55.797650</CreDtTm>
      <NbOfTxs>1</NbOfTxs>
      <CtrlSum>10000</CtrlSum>
      <InitgPty>
        <Nm>Wolf Baettig AG</Nm>
      </InitgPty>
    </GrpHdr>
    <PmtInf>
      <PmtInfId>PMT-b24445a7b7e5</PmtInfId>
      <PmtMtd>TRF</PmtMtd>
      <NbOfTxs>1</NbOfTxs>
      <CtrlSum>10000</CtrlSum>
      <ReqdExctnDt>
        <Dt>2026-03-30</Dt>
      </ReqdExctnDt>
      <Dbtr>
        <Nm>Wolf Baettig AG</Nm>
      </Dbtr>
      <DbtrAcct>
        <Id>
          <IBAN>CH5604835012345678009</IBAN>
        </Id>
      </DbtrAcct>
      <DbtrAgt>
        <FinInstnId/>
      </DbtrAgt>
      <ChrgBr>CRED</ChrgBr>
      <CdtTrfTxInf>
        <PmtId>
          <EndToEndId>E2E-12a4def0c4bb</EndToEndId>
          <UETR>a7e0dc75-7283-492d-8b48-75cb9aaaff70</UETR>
        </PmtId>
        <Amt>
          <InstdAmt Ccy="GBP">10000</InstdAmt>
        </Amt>
        <CdtrAgt>
          <FinInstnId>
            <BICFI>CHASUS33XXX</BICFI>
          </FinInstnId>
        </CdtrAgt>
        <Cdtr>
          <Nm>Beck Stutz AG</Nm>
          <PstlAdr>
            <StrtNm>Daniel Squares</StrtNm>
            <BldgNb>122</BldgNb>
            <PstCd>49254</PstCd>
            <TwnNm>Ryanton</TwnNm>
            <Ctry>GT</Ctry>
          </PstlAdr>
        </Cdtr>
        <CdtrAcct>
          <Id>
            <IBAN>GT63995777387214895134332003</IBAN>
          </Id>
        </CdtrAcct>
      </CdtTrfTxInf>
    </PmtInf>
  </CstmrCdtTrfInitn>
</Document>
