<?xml version='1.0' encoding='UTF-8'?>
<Document xmlns="urn:iso:std:iso:20022:tech:xsd:pain.001.001.09" xmlns:xsi="http://www.w3.org/2001/XMLSchema-instance">
  <CstmrCdtTrfInitn>
    <GrpHdr>
      <MsgId>MSG-7f072cb92fd3</MsgId>
      <CreDtTm>2026-03-28T18:02:53.556601</CreDtTm>
      <NbOfTxs>1</NbOfTxs>
      <CtrlSum>5000</CtrlSum>
      <InitgPty>
        <Nm>Bachmann GmbH</Nm>
      </InitgPty>
    </GrpHdr>
    <PmtInf>
      <PmtInfId>PMT-ec9f9c545e0a</PmtInfId>
      <PmtMtd>TRF</PmtMtd>
      <NbOfTxs>1</NbOfTxs>
      <CtrlSum>5000</CtrlSum>
      <ReqdExctnDt>
        <Dt>2026-03-30</Dt>
      </ReqdExctnDt>
      <Dbtr>
        <Nm>Bachmann GmbH</Nm>
      </Dbtr>
      <DbtrAcct>
        <Id>
          <IBAN>CH5604835012345678009</IBAN>
        </Id>
      </DbtrAcct>
      <DbtrAgt>
        <FinInstnId/>
      </DbtrAgt>
      <ChrgBr>SHAR</ChrgBr>
      <CdtTrfTxInf>
        <PmtId>
          <EndToEndId>E2E-62fb26d7f4db</EndToEndId>
          <UETR>665e579f-ad53-4d44-8c69-2372556abec4</UETR>
        </PmtId>
        <Amt>
          <InstdAmt Ccy="SGD">5000</InstdAmt>
        </Amt>
        <Cdtr>
          <Nm>Braun Suter GmbH</Nm>
          <PstlAdr>
            <StrtNm>Matthew Trail</StrtNm>
            <BldgNb>191</BldgNb>
            <PstCd>93603</PstCd>
            <TwnNm>Mcguirestad</TwnNm>
            <Ctry>QA</Ctry>
          </PstlAdr>
        </Cdtr>
        <CdtrAcct>
          <Id>
            <IBAN>QA957043030548687403450541566</IBAN>
          </Id>
        </CdtrAcct>
      </CdtTrfTxInf>
    </PmtInf>
  </CstmrCdtTrfInitn>
</Document>
