<?xml version='1.0' encoding='UTF-8'?>
<Document xmlns="urn:iso:std:iso:20022:tech:xsd:pain.001.001.09" xmlns:xsi="http://www.w3.org/2001/XMLSchema-instance">
  <CstmrCdtTrfInitn>
    <GrpHdr>
      <MsgId>MSG-9feefdffc566</MsgId>
      <CreDtTm>2026-03-28T18:02:53.549317</CreDtTm>
      <NbOfTxs>1</NbOfTxs>
      <CtrlSum>5000</CtrlSum>
      <InitgPty>
        <Nm>Zingg Maier GmbH</Nm>
      </InitgPty>
    </GrpHdr>
    <PmtInf>
      <PmtInfId>PMT-b89f72f32a60</PmtInfId>
      <PmtMtd>TRF</PmtMtd>
      <NbOfTxs>1</NbOfTxs>
      <CtrlSum>5000</CtrlSum>
      <ReqdExctnDt>
        <Dt>2026-03-30</Dt>
      </ReqdExctnDt>
      <Dbtr>
        <Nm>Zingg Maier GmbH</Nm>
      </Dbtr>
      <DbtrAcct>
        <Id>
          <IBAN>CH5604835012345678009</IBAN>
        </Id>
      </DbtrAcct>
      <DbtrAgt>
        <FinInstnId/>
      </DbtrAgt>
      <ChrgBr>SHAR</ChrgBr>
      <CdtTrfTxInf>
        <PmtId>
          <EndToEndId>E2E-2e4bebc42989</EndToEndId>
          <UETR>81ac1364-b51c-4155-91cc-ec32d623f71f</UETR>
        </PmtId>
        <Amt>
          <InstdAmt Ccy="JPY">5000</InstdAmt>
        </Amt>
        <Cdtr>
          <Nm>Kern GmbH</Nm>
          <PstlAdr>
            <StrtNm>Vasquez Rapids</StrtNm>
            <BldgNb>153</BldgNb>
            <PstCd>54752</PstCd>
            <TwnNm>Trevorhaven</TwnNm>
            <Ctry>KW</Ctry>
          </PstlAdr>
        </Cdtr>
        <CdtrAcct>
          <Id>
            <IBAN>KW9081685054235733221418880592</IBAN>
          </Id>
        </CdtrAcct>
      </CdtTrfTxInf>
    </PmtInf>
  </CstmrCdtTrfInitn>
</Document>
