<?xml version='1.0' encoding='UTF-8'?>
<Document xmlns="urn:iso:std:iso:20022:tech:xsd:pain.001.001.09" xmlns:xsi="http://www.w3.org/2001/XMLSchema-instance">
  <CstmrCdtTrfInitn>
    <GrpHdr>
      <MsgId>MSG-b90ed44b951c</MsgId>
      <CreDtTm>2026-03-28T23:33:55.880451</CreDtTm>
      <NbOfTxs>1</NbOfTxs>
      <CtrlSum>5000</CtrlSum>
      <InitgPty>
        <Nm>Forster AG</Nm>
      </InitgPty>
    </GrpHdr>
    <PmtInf>
      <PmtInfId>PMT-a757cb1042f5</PmtInfId>
      <PmtMtd>TRF</PmtMtd>
      <NbOfTxs>1</NbOfTxs>
      <CtrlSum>5000</CtrlSum>
      <ReqdExctnDt>
        <Dt>2026-03-30</Dt>
      </ReqdExctnDt>
      <Dbtr>
        <Nm>Forster AG</Nm>
      </Dbtr>
      <DbtrAcct>
        <Id>
          <IBAN>CH5604835012345678009</IBAN>
        </Id>
      </DbtrAcct>
      <DbtrAgt>
        <FinInstnId/>
      </DbtrAgt>
      <ChrgBr>SHAR</ChrgBr>
      <CdtTrfTxInf>
        <PmtId>
          <EndToEndId>E2E-f43ba0524459</EndToEndId>
          <UETR>de2f8e39-4dc3-4a40-9399-e0c1f2a052a5</UETR>
        </PmtId>
        <Amt>
          <InstdAmt Ccy="JPY">5000</InstdAmt>
        </Amt>
        <Cdtr>
          <Nm>Stadelmann GmbH</Nm>
          <PstlAdr>
            <StrtNm>Aguilar Rapids</StrtNm>
            <BldgNb>61</BldgNb>
            <PstCd>36980</PstCd>
            <TwnNm>Roweside</TwnNm>
            <Ctry>RS</Ctry>
          </PstlAdr>
        </Cdtr>
        <CdtrAcct>
          <Id>
            <IBAN>RS72329668516122753046</IBAN>
          </Id>
        </CdtrAcct>
      </CdtTrfTxInf>
    </PmtInf>
  </CstmrCdtTrfInitn>
</Document>
