<?xml version='1.0' encoding='UTF-8'?>
<Document xmlns="urn:iso:std:iso:20022:tech:xsd:pain.001.001.09" xmlns:xsi="http://www.w3.org/2001/XMLSchema-instance">
  <CstmrCdtTrfInitn>
    <GrpHdr>
      <MsgId>MSG-10813d45ff45</MsgId>
      <CreDtTm>2026-03-28T23:33:55.969265</CreDtTm>
      <NbOfTxs>1</NbOfTxs>
      <CtrlSum>7500</CtrlSum>
      <InitgPty>
        <Nm>Muster AG</Nm>
      </InitgPty>
    </GrpHdr>
    <PmtInf>
      <PmtInfId>PMT-7184b713a55f</PmtInfId>
      <PmtMtd>TRF</PmtMtd>
      <NbOfTxs>1</NbOfTxs>
      <CtrlSum>7500</CtrlSum>
      <PmtTpInf>
        <CtgyPurp>
          <Cd>SUPP</Cd>
        </CtgyPurp>
      </PmtTpInf>
      <ReqdExctnDt>
        <Dt>2026-03-30</Dt>
      </ReqdExctnDt>
      <Dbtr>
        <Nm>Muster AG</Nm>
      </Dbtr>
      <DbtrAcct>
        <Id>
          <IBAN>CH5604835012345678009</IBAN>
        </Id>
      </DbtrAcct>
      <DbtrAgt>
        <FinInstnId>
          <BICFI>CRESCHZZ80A</BICFI>
        </FinInstnId>
      </DbtrAgt>
      <ChrgBr>SHAR</ChrgBr>
      <CdtTrfTxInf>
        <PmtId>
          <EndToEndId>E2E-d010318aeadc</EndToEndId>
          <UETR>2cbc6220-7189-44c4-b618-c8df4982d8b3</UETR>
        </PmtId>
        <Amt>
          <InstdAmt Ccy="USD">7500</InstdAmt>
        </Amt>
        <CdtrAgt>
          <FinInstnId>
            <BICFI>RIABORJX</BICFI>
          </FinInstnId>
        </CdtrAgt>
        <Cdtr>
          <Nm>Global Trading Corp</Nm>
          <PstlAdr>
            <StrtNm>Melissa Valleys</StrtNm>
            <BldgNb>150</BldgNb>
            <PstCd>25053</PstCd>
            <TwnNm>Johnfort</TwnNm>
            <Ctry>SA</Ctry>
          </PstlAdr>
        </Cdtr>
        <CdtrAcct>
          <Id>
            <IBAN>SA0380000000608010167519</IBAN>
          </Id>
        </CdtrAcct>
        <RmtInf>
          <Ustrd>Supply contract Q1</Ustrd>
        </RmtInf>
      </CdtTrfTxInf>
    </PmtInf>
  </CstmrCdtTrfInitn>
</Document>
