<?xml version='1.0' encoding='UTF-8'?>
<Document xmlns="urn:iso:std:iso:20022:tech:xsd:pain.001.001.09" xmlns:xsi="http://www.w3.org/2001/XMLSchema-instance">
  <CstmrCdtTrfInitn>
    <GrpHdr>
      <MsgId>MSG-693dffbc6c6f</MsgId>
      <CreDtTm>2026-03-28T23:33:55.786541</CreDtTm>
      <NbOfTxs>1</NbOfTxs>
      <CtrlSum>890</CtrlSum>
      <InitgPty>
        <Nm>Bucher  Cie.</Nm>
      </InitgPty>
    </GrpHdr>
    <PmtInf>
      <PmtInfId>PMT-0dde29a6baa4</PmtInfId>
      <PmtMtd>TRF</PmtMtd>
      <NbOfTxs>1</NbOfTxs>
      <CtrlSum>890</CtrlSum>
      <ReqdExctnDt>
        <Dt>2026-03-30</Dt>
      </ReqdExctnDt>
      <Dbtr>
        <Nm>Bucher  Cie.</Nm>
      </Dbtr>
      <DbtrAcct>
        <Id>
          <IBAN>CH5604835012345678009</IBAN>
        </Id>
      </DbtrAcct>
      <DbtrAgt>
        <FinInstnId/>
      </DbtrAgt>
      <CdtTrfTxInf>
        <PmtId>
          <EndToEndId>E2E-a8b317fa18d0</EndToEndId>
        </PmtId>
        <Amt>
          <InstdAmt Ccy="CHF">890</InstdAmt>
        </Amt>
        <Cdtr>
          <Nm>Bieri Luethi AG</Nm>
          <PstlAdr>
            <StrtNm>Winklerstrasse</StrtNm>
            <BldgNb>6</BldgNb>
            <PstCd>1240</PstCd>
            <TwnNm>Kloten</TwnNm>
            <Ctry>CH</Ctry>
          </PstlAdr>
        </Cdtr>
        <CdtrAcct>
          <Id>
            <IBAN>CH5831104346578713315</IBAN>
          </Id>
        </CdtrAcct>
      </CdtTrfTxInf>
    </PmtInf>
  </CstmrCdtTrfInitn>
</Document>
