<?xml version='1.0' encoding='UTF-8'?>
<Document xmlns="urn:iso:std:iso:20022:tech:xsd:pain.001.001.09" xmlns:xsi="http://www.w3.org/2001/XMLSchema-instance">
  <CstmrCdtTrfInitn>
    <GrpHdr>
      <MsgId>MSG-19d45deb1139</MsgId>
      <CreDtTm>2026-03-21T10:50:44.941237</CreDtTm>
      <NbOfTxs>4</NbOfTxs>
      <CtrlSum>32500</CtrlSum>
      <InitgPty>
        <Nm>Muster AG</Nm>
      </InitgPty>
    </GrpHdr>
    <PmtInf>
      <PmtInfId>PMT-99086e477249</PmtInfId>
      <PmtMtd>TRF</PmtMtd>
      <NbOfTxs>2</NbOfTxs>
      <CtrlSum>30000</CtrlSum>
      <ReqdExctnDt>
        <Dt>2026-03-23</Dt>
      </ReqdExctnDt>
      <Dbtr>
        <Nm>Muster AG</Nm>
        <PstlAdr>
          <StrtNm>Bahnhofstrasse</StrtNm>
          <BldgNb>1</BldgNb>
          <PstCd>8001</PstCd>
          <TwnNm>Zuerich</TwnNm>
          <Ctry>CH</Ctry>
        </PstlAdr>
      </Dbtr>
      <DbtrAcct>
        <Id>
          <IBAN>CH5604835012345678009</IBAN>
        </Id>
      </DbtrAcct>
      <DbtrAgt>
        <FinInstnId>
          <BICFI>CRESCHZZ80A</BICFI>
        </FinInstnId>
      </DbtrAgt>
      <CdtTrfTxInf>
        <PmtId>
          <EndToEndId>E2E-00e3a026d5b6</EndToEndId>
        </PmtId>
        <Amt>
          <InstdAmt Ccy="USD">15000</InstdAmt>
        </Amt>
        <CdtrAgt>
          <FinInstnId>
            <BICFI>BNPAFRPP</BICFI>
          </FinInstnId>
        </CdtrAgt>
        <Cdtr>
          <Nm>Hirt AG</Nm>
          <PstlAdr>
            <StrtNm>Denise Vista</StrtNm>
            <BldgNb>187</BldgNb>
            <PstCd>25232</PstCd>
            <TwnNm>South Stephanie</TwnNm>
            <Ctry>GB</Ctry>
          </PstlAdr>
        </Cdtr>
        <CdtrAcct>
          <Id>
            <IBAN>GB50226567661825128682</IBAN>
          </Id>
        </CdtrAcct>
      </CdtTrfTxInf>
      <CdtTrfTxInf>
        <PmtId>
          <EndToEndId>E2E-04015cede398</EndToEndId>
        </PmtId>
        <Amt>
          <InstdAmt Ccy="USD">15000</InstdAmt>
        </Amt>
        <CdtrAgt>
          <FinInstnId>
            <BICFI>BNPAFRPP</BICFI>
          </FinInstnId>
        </CdtrAgt>
        <Cdtr>
          <Nm>Steiger Meier AG</Nm>
          <PstlAdr>
            <StrtNm>Denise Vista</StrtNm>
            <BldgNb>197</BldgNb>
            <PstCd>25232</PstCd>
            <TwnNm>South Stephanie</TwnNm>
            <Ctry>GB</Ctry>
          </PstlAdr>
        </Cdtr>
        <CdtrAcct>
          <Id>
            <IBAN>GB48047868633752431069</IBAN>
          </Id>
        </CdtrAcct>
      </CdtTrfTxInf>
    </PmtInf>
    <PmtInf>
      <PmtInfId>PMT-b523c0dedb87</PmtInfId>
      <PmtMtd>TRF</PmtMtd>
      <NbOfTxs>2</NbOfTxs>
      <CtrlSum>2500</CtrlSum>
      <PmtTpInf>
        <SvcLvl>
          <Cd>SEPA</Cd>
        </SvcLvl>
      </PmtTpInf>
      <ReqdExctnDt>
        <Dt>2026-03-23</Dt>
      </ReqdExctnDt>
      <Dbtr>
        <Nm>Muster AG</Nm>
        <PstlAdr>
          <StrtNm>Bahnhofstrasse</StrtNm>
          <BldgNb>1</BldgNb>
          <PstCd>8001</PstCd>
          <TwnNm>Zuerich</TwnNm>
          <Ctry>CH</Ctry>
        </PstlAdr>
      </Dbtr>
      <DbtrAcct>
        <Id>
          <IBAN>CH5604835012345678009</IBAN>
        </Id>
      </DbtrAcct>
      <DbtrAgt>
        <FinInstnId>
          <BICFI>CRESCHZZ80A</BICFI>
        </FinInstnId>
      </DbtrAgt>
      <ChrgBr>SLEV</ChrgBr>
      <CdtTrfTxInf>
        <PmtId>
          <EndToEndId>E2E-4ceda16469df</EndToEndId>
        </PmtId>
        <Amt>
          <InstdAmt Ccy="EUR">1250</InstdAmt>
        </Amt>
        <Cdtr>
          <Nm>Steiger Meier AG</Nm>
          <PstlAdr>
            <StrtNm>Abigail Orchard</StrtNm>
            <BldgNb>170</BldgNb>
            <PstCd>64441</PstCd>
            <TwnNm>Stevensfurt</TwnNm>
            <Ctry>PT</Ctry>
          </PstlAdr>
        </Cdtr>
        <CdtrAcct>
          <Id>
            <IBAN>PT86030673830284395995342</IBAN>
          </Id>
        </CdtrAcct>
      </CdtTrfTxInf>
      <CdtTrfTxInf>
        <PmtId>
          <EndToEndId>E2E-c12169db2f12</EndToEndId>
        </PmtId>
        <Amt>
          <InstdAmt Ccy="EUR">1250</InstdAmt>
        </Amt>
        <Cdtr>
          <Nm>Fehr Felber GmbH</Nm>
          <PstlAdr>
            <StrtNm>Russell Drive</StrtNm>
            <BldgNb>39</BldgNb>
            <PstCd>86014</PstCd>
            <TwnNm>North Michelle</TwnNm>
            <Ctry>FI</Ctry>
          </PstlAdr>
        </Cdtr>
        <CdtrAcct>
          <Id>
            <IBAN>FI0408926870568566</IBAN>
          </Id>
        </CdtrAcct>
      </CdtTrfTxInf>
    </PmtInf>
  </CstmrCdtTrfInitn>
</Document>
