<?xml version='1.0' encoding='UTF-8'?>
<Document xmlns="urn:iso:std:iso:20022:tech:xsd:pain.001.001.09" xmlns:xsi="http://www.w3.org/2001/XMLSchema-instance">
  <CstmrCdtTrfInitn>
    <GrpHdr>
      <MsgId>MSG-9d37efb6eafb</MsgId>
      <CreDtTm>2026-03-28T23:33:55.976493</CreDtTm>
      <NbOfTxs>2</NbOfTxs>
      <CtrlSum>35000</CtrlSum>
      <InitgPty>
        <Nm>Muster AG</Nm>
      </InitgPty>
    </GrpHdr>
    <PmtInf>
      <PmtInfId>PMT-573bfc172167</PmtInfId>
      <PmtMtd>TRF</PmtMtd>
      <NbOfTxs>1</NbOfTxs>
      <CtrlSum>20000</CtrlSum>
      <ReqdExctnDt>
        <Dt>2026-03-30</Dt>
      </ReqdExctnDt>
      <Dbtr>
        <Nm>Muster AG</Nm>
      </Dbtr>
      <DbtrAcct>
        <Id>
          <IBAN>CH5604835012345678009</IBAN>
        </Id>
      </DbtrAcct>
      <DbtrAgt>
        <FinInstnId>
          <BICFI>CRESCHZZ80A</BICFI>
        </FinInstnId>
      </DbtrAgt>
      <ChrgBr>SHAR</ChrgBr>
      <CdtTrfTxInf>
        <PmtId>
          <EndToEndId>E2E-7a5d7c8286c5</EndToEndId>
          <UETR>7ccf7fa6-ad04-4da3-84e2-7b5f91046e10</UETR>
        </PmtId>
        <Amt>
          <InstdAmt Ccy="USD">20000</InstdAmt>
        </Amt>
        <CdtrAgt>
          <FinInstnId>
            <BICFI>CHASUS33</BICFI>
          </FinInstnId>
        </CdtrAgt>
        <Cdtr>
          <Nm>Stadelmann Knecht  Soehne</Nm>
          <PstlAdr>
            <StrtNm>Gomez Cove</StrtNm>
            <BldgNb>155</BldgNb>
            <PstCd>35035</PstCd>
            <TwnNm>Davidmouth</TwnNm>
            <Ctry>JO</Ctry>
          </PstlAdr>
        </Cdtr>
        <CdtrAcct>
          <Id>
            <IBAN>JO5496522395590599293784270103</IBAN>
          </Id>
        </CdtrAcct>
        <RmtInf>
          <Ustrd>Wire transfer March 2026</Ustrd>
        </RmtInf>
      </CdtTrfTxInf>
    </PmtInf>
    <PmtInf>
      <PmtInfId>PMT-ba94aa662d7e</PmtInfId>
      <PmtMtd>TRF</PmtMtd>
      <NbOfTxs>1</NbOfTxs>
      <CtrlSum>15000</CtrlSum>
      <ReqdExctnDt>
        <Dt>2026-03-30</Dt>
      </ReqdExctnDt>
      <Dbtr>
        <Nm>Muster AG</Nm>
      </Dbtr>
      <DbtrAcct>
        <Id>
          <IBAN>CH5604835012345678009</IBAN>
        </Id>
      </DbtrAcct>
      <DbtrAgt>
        <FinInstnId>
          <BICFI>CRESCHZZ80A</BICFI>
        </FinInstnId>
      </DbtrAgt>
      <ChrgBr>DEBT</ChrgBr>
      <CdtTrfTxInf>
        <PmtId>
          <EndToEndId>E2E-2ce3d822d080</EndToEndId>
          <UETR>67b03956-6b90-499e-8a9e-45a8ecfb3f86</UETR>
        </PmtId>
        <Amt>
          <InstdAmt Ccy="GBP">15000</InstdAmt>
        </Amt>
        <CdtrAgt>
          <FinInstnId>
            <BICFI>BARCGB22</BICFI>
          </FinInstnId>
        </CdtrAgt>
        <Cdtr>
          <Nm>Eugster AG</Nm>
          <PstlAdr>
            <StrtNm>Howell Pine</StrtNm>
            <BldgNb>58</BldgNb>
            <PstCd>95487</PstCd>
            <TwnNm>Port Laura</TwnNm>
            <Ctry>BR</Ctry>
          </PstlAdr>
        </Cdtr>
        <CdtrAcct>
          <Id>
            <IBAN>BR090029218515691545226752895</IBAN>
          </Id>
        </CdtrAcct>
        <RmtInf>
          <Ustrd>Payment ref GBP-2026-03</Ustrd>
        </RmtInf>
      </CdtTrfTxInf>
    </PmtInf>
  </CstmrCdtTrfInitn>
</Document>
