<?xml version='1.0' encoding='UTF-8'?>
<Document xmlns="urn:iso:std:iso:20022:tech:xsd:pain.001.001.09" xmlns:xsi="http://www.w3.org/2001/XMLSchema-instance">
  <CstmrCdtTrfInitn>
    <GrpHdr>
      <MsgId>MSG-921704753d95</MsgId>
      <CreDtTm>2026-03-28T23:33:55.857327</CreDtTm>
      <NbOfTxs>1</NbOfTxs>
      <CtrlSum>5000</CtrlSum>
      <InitgPty>
        <Nm>Kohler Tobler GmbH</Nm>
      </InitgPty>
    </GrpHdr>
    <PmtInf>
      <PmtInfId>PMT-ab1021ceaa14</PmtInfId>
      <PmtMtd>TRF</PmtMtd>
      <NbOfTxs>1</NbOfTxs>
      <CtrlSum>5000</CtrlSum>
      <ReqdExctnDt>
        <Dt>2026-03-30</Dt>
      </ReqdExctnDt>
      <Dbtr>
        <Nm>Kohler Tobler GmbH</Nm>
      </Dbtr>
      <DbtrAcct>
        <Id>
          <IBAN>CH5604835012345678009</IBAN>
        </Id>
      </DbtrAcct>
      <DbtrAgt>
        <FinInstnId/>
      </DbtrAgt>
      <ChrgBr>SHAR</ChrgBr>
      <CdtTrfTxInf>
        <PmtId>
          <EndToEndId>E2E-0066853d6de2</EndToEndId>
          <UETR>19c95113-a8de-439b-ab1e-742e77af1f60</UETR>
        </PmtId>
        <Amt>
          <InstdAmt Ccy="EUR">5000</InstdAmt>
        </Amt>
        <Cdtr>
          <Nm>Burri  Partner</Nm>
          <PstlAdr>
            <StrtNm>Wright Hill</StrtNm>
            <BldgNb>184</BldgNb>
            <PstCd>21150</PstCd>
            <TwnNm>Port Brandystad</TwnNm>
            <Ctry>BH</Ctry>
          </PstlAdr>
        </Cdtr>
        <CdtrAcct>
          <Id>
            <IBAN>BH04434103697117980893</IBAN>
          </Id>
        </CdtrAcct>
      </CdtTrfTxInf>
    </PmtInf>
  </CstmrCdtTrfInitn>
</Document>
