<?xml version='1.0' encoding='UTF-8'?>
<Document xmlns="urn:iso:std:iso:20022:tech:xsd:pain.001.001.09" xmlns:xsi="http://www.w3.org/2001/XMLSchema-instance">
  <CstmrCdtTrfInitn>
    <GrpHdr>
      <MsgId>MSG-9c3de1b0022b</MsgId>
      <CreDtTm>2026-03-28T23:33:55.925108</CreDtTm>
      <NbOfTxs>1</NbOfTxs>
      <CtrlSum>75000</CtrlSum>
      <InitgPty>
        <Nm>Muster AG</Nm>
      </InitgPty>
    </GrpHdr>
    <PmtInf>
      <PmtInfId>PMT-59e7703a70aa</PmtInfId>
      <PmtMtd>TRF</PmtMtd>
      <NbOfTxs>1</NbOfTxs>
      <CtrlSum>75000</CtrlSum>
      <PmtTpInf>
        <CtgyPurp>
          <Cd>IVPT</Cd>
        </CtgyPurp>
      </PmtTpInf>
      <ReqdExctnDt>
        <Dt>2026-03-30</Dt>
      </ReqdExctnDt>
      <Dbtr>
        <Nm>Muster AG</Nm>
      </Dbtr>
      <DbtrAcct>
        <Id>
          <IBAN>CH5604835012345678009</IBAN>
        </Id>
      </DbtrAcct>
      <DbtrAgt>
        <FinInstnId>
          <BICFI>CRESCHZZ80A</BICFI>
        </FinInstnId>
      </DbtrAgt>
      <ChrgBr>SHAR</ChrgBr>
      <CdtTrfTxInf>
        <PmtId>
          <EndToEndId>E2E-11836c4f2492</EndToEndId>
          <UETR>f7b6013a-4e8f-4915-b3b0-5c674ab2d116</UETR>
        </PmtId>
        <Amt>
          <InstdAmt Ccy="GBP">75000</InstdAmt>
        </Amt>
        <CdtrAgt>
          <FinInstnId>
            <BICFI>ABORAEADXXX</BICFI>
          </FinInstnId>
        </CdtrAgt>
        <Cdtr>
          <Nm>Dubai Investment Fund LLC</Nm>
          <PstlAdr>
            <StrtNm>Humphrey Expressway</StrtNm>
            <BldgNb>165</BldgNb>
            <PstCd>84756</PstCd>
            <TwnNm>Jamiechester</TwnNm>
            <Ctry>AE</Ctry>
          </PstlAdr>
        </Cdtr>
        <CdtrAcct>
          <Id>
            <IBAN>AE070331234567890123456</IBAN>
          </Id>
        </CdtrAcct>
        <RmtInf>
          <Ustrd>Investment allocation Q1-2026 Ref IA-887</Ustrd>
        </RmtInf>
      </CdtTrfTxInf>
    </PmtInf>
  </CstmrCdtTrfInitn>
</Document>
