<?xml version='1.0' encoding='UTF-8'?>
<Document xmlns="urn:iso:std:iso:20022:tech:xsd:pain.001.001.09" xmlns:xsi="http://www.w3.org/2001/XMLSchema-instance">
  <CstmrCdtTrfInitn>
    <GrpHdr>
      <MsgId>MSG-2a45c2ab8cbf</MsgId>
      <CreDtTm>2026-03-28T23:33:55.784376</CreDtTm>
      <NbOfTxs>1</NbOfTxs>
      <CtrlSum>3200</CtrlSum>
      <InitgPty>
        <Nm>Stucki  Cie.</Nm>
      </InitgPty>
    </GrpHdr>
    <PmtInf>
      <PmtInfId>PMT-9b49bd26df57</PmtInfId>
      <PmtMtd>TRF</PmtMtd>
      <NbOfTxs>1</NbOfTxs>
      <CtrlSum>3200</CtrlSum>
      <ReqdExctnDt>
        <Dt>2026-03-30</Dt>
      </ReqdExctnDt>
      <Dbtr>
        <Nm>Stucki  Cie.</Nm>
      </Dbtr>
      <DbtrAcct>
        <Id>
          <IBAN>CH5604835012345678009</IBAN>
        </Id>
      </DbtrAcct>
      <DbtrAgt>
        <FinInstnId/>
      </DbtrAgt>
      <CdtTrfTxInf>
        <PmtId>
          <EndToEndId>E2E-a8e56e0c20de</EndToEndId>
        </PmtId>
        <Amt>
          <InstdAmt Ccy="CHF">3200</InstdAmt>
        </Amt>
        <Cdtr>
          <Nm>Sigrist Zollinger GmbH</Nm>
          <PstlAdr>
            <StrtNm>Winklerstrasse</StrtNm>
            <BldgNb>28</BldgNb>
            <PstCd>1240</PstCd>
            <TwnNm>Kloten</TwnNm>
            <Ctry>CH</Ctry>
          </PstlAdr>
        </Cdtr>
        <CdtrAcct>
          <Id>
            <IBAN>CH7331537451462704828</IBAN>
          </Id>
        </CdtrAcct>
        <RmtInf>
          <Strd>
            <CdtrRefInf>
              <Tp>
                <CdOrPrtry>
                  <Prtry>QRR</Prtry>
                </CdOrPrtry>
              </Tp>
              <Ref>489325288095701543039117188</Ref>
            </CdtrRefInf>
          </Strd>
        </RmtInf>
      </CdtTrfTxInf>
    </PmtInf>
  </CstmrCdtTrfInitn>
</Document>
