<?xml version='1.0' encoding='UTF-8'?>
<Document xmlns="urn:iso:std:iso:20022:tech:xsd:pain.001.001.09" xmlns:xsi="http://www.w3.org/2001/XMLSchema-instance">
  <CstmrCdtTrfInitn>
    <GrpHdr>
      <MsgId>MSG-dba3496ffa32</MsgId>
      <CreDtTm>2026-03-28T18:02:53.592844</CreDtTm>
      <NbOfTxs>1</NbOfTxs>
      <CtrlSum>25000</CtrlSum>
      <InitgPty>
        <Nm>Zingg Maier GmbH</Nm>
      </InitgPty>
    </GrpHdr>
    <PmtInf>
      <PmtInfId>PMT-873570a2e511</PmtInfId>
      <PmtMtd>TRF</PmtMtd>
      <NbOfTxs>1</NbOfTxs>
      <CtrlSum>25000</CtrlSum>
      <ReqdExctnDt>
        <Dt>2026-03-30</Dt>
      </ReqdExctnDt>
      <Dbtr>
        <Nm>Zingg Maier GmbH</Nm>
      </Dbtr>
      <DbtrAcct>
        <Id>
          <IBAN>CH5604835012345678009</IBAN>
        </Id>
      </DbtrAcct>
      <DbtrAgt>
        <FinInstnId/>
      </DbtrAgt>
      <ChrgBr>SHAR</ChrgBr>
      <CdtTrfTxInf>
        <PmtId>
          <EndToEndId>E2E-c8cce2c2a518</EndToEndId>
          <UETR>2d9039f7-03c9-4457-8825-d5a5de47a27a</UETR>
        </PmtId>
        <Amt>
          <InstdAmt Ccy="BRL">25000</InstdAmt>
        </Amt>
        <CdtrAgt>
          <FinInstnId>
            <BICFI>CGDIPTPL</BICFI>
          </FinInstnId>
        </CdtrAgt>
        <Cdtr>
          <Nm>Kern GmbH</Nm>
          <PstlAdr>
            <StrtNm>Michael Terrace</StrtNm>
            <BldgNb>128</BldgNb>
            <PstCd>98397</PstCd>
            <TwnNm>Popeton</TwnNm>
            <Ctry>CR</Ctry>
          </PstlAdr>
        </Cdtr>
        <CdtrAcct>
          <Id>
            <IBAN>CR64679334101666870021</IBAN>
          </Id>
        </CdtrAcct>
      </CdtTrfTxInf>
    </PmtInf>
  </CstmrCdtTrfInitn>
</Document>
