<?xml version='1.0' encoding='UTF-8'?>
<Document xmlns="urn:iso:std:iso:20022:tech:xsd:pain.001.001.09" xmlns:xsi="http://www.w3.org/2001/XMLSchema-instance">
  <CstmrCdtTrfInitn>
    <GrpHdr>
      <MsgId>MSG-3f07f81491d6</MsgId>
      <CreDtTm>2026-03-20T19:23:54.861195</CreDtTm>
      <NbOfTxs>1</NbOfTxs>
      <CtrlSum>10000</CtrlSum>
      <InitgPty>
        <Nm>Muster AG</Nm>
      </InitgPty>
    </GrpHdr>
    <PmtInf>
      <PmtInfId>PMT-9e8fc9650a2c</PmtInfId>
      <PmtMtd>TRF</PmtMtd>
      <NbOfTxs>1</NbOfTxs>
      <CtrlSum>10000</CtrlSum>
      <ReqdExctnDt>
        <Dt>2026-03-23</Dt>
      </ReqdExctnDt>
      <Dbtr>
        <Nm>Muster AG</Nm>
        <PstlAdr>
          <StrtNm>Bahnhofstrasse</StrtNm>
          <BldgNb>1</BldgNb>
          <PstCd>8001</PstCd>
          <TwnNm>Zuerich</TwnNm>
          <Ctry>CH</Ctry>
        </PstlAdr>
      </Dbtr>
      <DbtrAcct>
        <Id>
          <IBAN>CH5604835012345678009</IBAN>
        </Id>
      </DbtrAcct>
      <DbtrAgt>
        <FinInstnId>
          <BICFI>CRESCHZZ80A</BICFI>
        </FinInstnId>
      </DbtrAgt>
      <CdtTrfTxInf>
        <PmtId>
          <EndToEndId>E2E-1eb0e38a675d</EndToEndId>
        </PmtId>
        <Amt>
          <InstdAmt Ccy="USD">10000</InstdAmt>
        </Amt>
        <CdtrAgt>
          <FinInstnId>
            <BICFI>BNPAFRPP</BICFI>
          </FinInstnId>
        </CdtrAgt>
        <Cdtr>
          <Nm>Naef Frick  Soehne</Nm>
          <PstlAdr>
            <StrtNm>May Locks</StrtNm>
            <BldgNb>173</BldgNb>
            <PstCd>93439</PstCd>
            <TwnNm>Lake Jeffreyshire</TwnNm>
            <Ctry>GB</Ctry>
          </PstlAdr>
        </Cdtr>
        <CdtrAcct>
          <Id>
            <IBAN>GB96980500978820812191</IBAN>
          </Id>
        </CdtrAcct>
      </CdtTrfTxInf>
    </PmtInf>
  </CstmrCdtTrfInitn>
</Document>
