<?xml version='1.0' encoding='UTF-8'?>
<Document xmlns="urn:iso:std:iso:20022:tech:xsd:pain.001.001.09" xmlns:xsi="http://www.w3.org/2001/XMLSchema-instance">
  <CstmrCdtTrfInitn>
    <GrpHdr>
      <MsgId>MSG-06b919aa1a71</MsgId>
      <CreDtTm>2026-03-28T18:02:53.597230</CreDtTm>
      <NbOfTxs>1</NbOfTxs>
      <CtrlSum>2000</CtrlSum>
      <InitgPty>
        <Nm>Kunz  Partner</Nm>
      </InitgPty>
    </GrpHdr>
    <PmtInf>
      <PmtInfId>PMT-17d30f328de1</PmtInfId>
      <PmtMtd>TRF</PmtMtd>
      <NbOfTxs>1</NbOfTxs>
      <CtrlSum>2000</CtrlSum>
      <PmtTpInf>
        <SvcLvl>
          <Cd>SEPA</Cd>
        </SvcLvl>
      </PmtTpInf>
      <ReqdExctnDt>
        <Dt>2026-03-30</Dt>
      </ReqdExctnDt>
      <Dbtr>
        <Nm>Kunz  Partner</Nm>
      </Dbtr>
      <DbtrAcct>
        <Id>
          <IBAN>CH5604835012345678009</IBAN>
        </Id>
      </DbtrAcct>
      <DbtrAgt>
        <FinInstnId/>
      </DbtrAgt>
      <ChrgBr>SLEV</ChrgBr>
      <CdtTrfTxInf>
        <PmtId>
          <EndToEndId>E2E-8e0370cf8e96</EndToEndId>
        </PmtId>
        <Amt>
          <InstdAmt Ccy="EUR">2000</InstdAmt>
        </Amt>
        <Cdtr>
          <Nm>Leunberger Kaufmann AG</Nm>
          <PstlAdr>
            <StrtNm>Ryan Branch</StrtNm>
            <BldgNb>48</BldgNb>
            <PstCd>05597</PstCd>
            <TwnNm>East Danielton</TwnNm>
            <Ctry>ES</Ctry>
          </PstlAdr>
        </Cdtr>
        <CdtrAcct>
          <Id>
            <IBAN>ES6331142626551104754121</IBAN>
          </Id>
        </CdtrAcct>
      </CdtTrfTxInf>
    </PmtInf>
  </CstmrCdtTrfInitn>
</Document>
