<?xml version='1.0' encoding='UTF-8'?>
<Document xmlns="urn:iso:std:iso:20022:tech:xsd:pain.001.001.09" xmlns:xsi="http://www.w3.org/2001/XMLSchema-instance">
  <CstmrCdtTrfInitn>
    <GrpHdr>
      <MsgId>MSG-af88bdecfb1e</MsgId>
      <CreDtTm>2026-03-21T10:50:44.882602</CreDtTm>
      <NbOfTxs>1</NbOfTxs>
      <CtrlSum>0.01</CtrlSum>
      <InitgPty>
        <Nm>Muster AG</Nm>
      </InitgPty>
    </GrpHdr>
    <PmtInf>
      <PmtInfId>PMT-fa53e34de6d5</PmtInfId>
      <PmtMtd>TRF</PmtMtd>
      <NbOfTxs>1</NbOfTxs>
      <CtrlSum>0.01</CtrlSum>
      <ReqdExctnDt>
        <Dt>2026-03-23</Dt>
      </ReqdExctnDt>
      <Dbtr>
        <Nm>Muster AG</Nm>
        <PstlAdr>
          <StrtNm>Bahnhofstrasse</StrtNm>
          <BldgNb>1</BldgNb>
          <PstCd>8001</PstCd>
          <TwnNm>Zuerich</TwnNm>
          <Ctry>CH</Ctry>
        </PstlAdr>
      </Dbtr>
      <DbtrAcct>
        <Id>
          <IBAN>CH5604835012345678009</IBAN>
        </Id>
      </DbtrAcct>
      <DbtrAgt>
        <FinInstnId>
          <BICFI>CRESCHZZ80A</BICFI>
        </FinInstnId>
      </DbtrAgt>
      <CdtTrfTxInf>
        <PmtId>
          <EndToEndId>E2E-dafec8a93c71</EndToEndId>
        </PmtId>
        <Amt>
          <InstdAmt Ccy="CHF">0.01</InstdAmt>
        </Amt>
        <Cdtr>
          <Nm>Hirt AG</Nm>
          <PstlAdr>
            <StrtNm>Studerstrasse</StrtNm>
            <BldgNb>36</BldgNb>
            <PstCd>4547</PstCd>
            <TwnNm>Maennedorf</TwnNm>
            <Ctry>CH</Ctry>
          </PstlAdr>
        </Cdtr>
        <CdtrAcct>
          <Id>
            <IBAN>CH8630478709859317461</IBAN>
          </Id>
        </CdtrAcct>
        <RmtInf>
          <Strd>
            <CdtrRefInf>
              <Tp>
                <CdOrPrtry>
                  <Prtry>QRR</Prtry>
                </CdOrPrtry>
              </Tp>
              <Ref>004711382675869261796405378</Ref>
            </CdtrRefInf>
          </Strd>
        </RmtInf>
      </CdtTrfTxInf>
    </PmtInf>
  </CstmrCdtTrfInitn>
</Document>
