<?xml version='1.0' encoding='UTF-8'?>
<Document xmlns="urn:iso:std:iso:20022:tech:xsd:pain.001.001.09" xmlns:xsi="http://www.w3.org/2001/XMLSchema-instance">
  <CstmrCdtTrfInitn>
    <GrpHdr>
      <MsgId>MSG-5e368127cca1</MsgId>
      <CreDtTm>2026-03-21T10:50:44.904547</CreDtTm>
      <NbOfTxs>2</NbOfTxs>
      <CtrlSum>15000</CtrlSum>
      <InitgPty>
        <Nm>Muster AG</Nm>
      </InitgPty>
    </GrpHdr>
    <PmtInf>
      <PmtInfId>PMT-be4969ec6667</PmtInfId>
      <PmtMtd>TRF</PmtMtd>
      <NbOfTxs>2</NbOfTxs>
      <CtrlSum>15000</CtrlSum>
      <ReqdExctnDt>
        <Dt>2026-03-23</Dt>
      </ReqdExctnDt>
      <Dbtr>
        <Nm>Muster AG</Nm>
        <PstlAdr>
          <StrtNm>Bahnhofstrasse</StrtNm>
          <BldgNb>1</BldgNb>
          <PstCd>8001</PstCd>
          <TwnNm>Zuerich</TwnNm>
          <Ctry>CH</Ctry>
        </PstlAdr>
      </Dbtr>
      <DbtrAcct>
        <Id>
          <IBAN>CH5604835012345678009</IBAN>
        </Id>
      </DbtrAcct>
      <DbtrAgt>
        <FinInstnId>
          <BICFI>CRESCHZZ80A</BICFI>
        </FinInstnId>
      </DbtrAgt>
      <CdtTrfTxInf>
        <PmtId>
          <EndToEndId>E2E-f1901b7ec6b4</EndToEndId>
        </PmtId>
        <Amt>
          <InstdAmt Ccy="GBP">7500</InstdAmt>
        </Amt>
        <Cdtr>
          <Nm>Hirt AG</Nm>
          <PstlAdr>
            <StrtNm>Denise Vista</StrtNm>
            <BldgNb>35</BldgNb>
            <PstCd>25232</PstCd>
            <TwnNm>South Stephanie</TwnNm>
            <Ctry>GB</Ctry>
          </PstlAdr>
        </Cdtr>
        <CdtrAcct>
          <Id>
            <IBAN>GB20405153195205852772</IBAN>
          </Id>
        </CdtrAcct>
      </CdtTrfTxInf>
      <CdtTrfTxInf>
        <PmtId>
          <EndToEndId>E2E-54f90429a7de</EndToEndId>
        </PmtId>
        <Amt>
          <InstdAmt Ccy="GBP">7500</InstdAmt>
        </Amt>
        <Cdtr>
          <Nm>Steiger Meier AG</Nm>
          <PstlAdr>
            <StrtNm>Denise Vista</StrtNm>
            <BldgNb>200</BldgNb>
            <PstCd>25232</PstCd>
            <TwnNm>South Stephanie</TwnNm>
            <Ctry>GB</Ctry>
          </PstlAdr>
        </Cdtr>
        <CdtrAcct>
          <Id>
            <IBAN>GB14704303054868740345</IBAN>
          </Id>
        </CdtrAcct>
      </CdtTrfTxInf>
    </PmtInf>
  </CstmrCdtTrfInitn>
</Document>
