<?xml version='1.0' encoding='UTF-8'?>
<Document xmlns="urn:iso:std:iso:20022:tech:xsd:pain.001.001.09" xmlns:xsi="http://www.w3.org/2001/XMLSchema-instance">
  <CstmrCdtTrfInitn>
    <GrpHdr>
      <MsgId>MSG-95af6d0cc528</MsgId>
      <CreDtTm>2026-03-28T23:33:55.963491</CreDtTm>
      <NbOfTxs>1</NbOfTxs>
      <CtrlSum>8500</CtrlSum>
      <InitgPty>
        <Nm>Muster AG</Nm>
      </InitgPty>
    </GrpHdr>
    <PmtInf>
      <PmtInfId>PMT-2a147a961b0c</PmtInfId>
      <PmtMtd>TRF</PmtMtd>
      <NbOfTxs>1</NbOfTxs>
      <CtrlSum>8500</CtrlSum>
      <PmtTpInf>
        <CtgyPurp>
          <Cd>SALA</Cd>
        </CtgyPurp>
      </PmtTpInf>
      <ReqdExctnDt>
        <Dt>2026-03-30</Dt>
      </ReqdExctnDt>
      <Dbtr>
        <Nm>Muster AG</Nm>
      </Dbtr>
      <DbtrAcct>
        <Id>
          <IBAN>CH5604835012345678009</IBAN>
        </Id>
      </DbtrAcct>
      <DbtrAgt>
        <FinInstnId>
          <BICFI>CRESCHZZ80A</BICFI>
        </FinInstnId>
      </DbtrAgt>
      <ChrgBr>DEBT</ChrgBr>
      <CdtTrfTxInf>
        <PmtId>
          <EndToEndId>E2E-33e4f986f18c</EndToEndId>
          <UETR>bf4a1f80-6801-4e04-bfbd-cb45b83c0d24</UETR>
        </PmtId>
        <Amt>
          <InstdAmt Ccy="EUR">8500</InstdAmt>
        </Amt>
        <CdtrAgt>
          <FinInstnId>
            <BICFI>NWBKGB2L</BICFI>
          </FinInstnId>
        </CdtrAgt>
        <Cdtr>
          <Nm>John Smith</Nm>
          <PstlAdr>
            <StrtNm>Camacho Turnpike</StrtNm>
            <BldgNb>70</BldgNb>
            <PstCd>83562</PstCd>
            <TwnNm>Port Paulhaven</TwnNm>
            <Ctry>GB</Ctry>
          </PstlAdr>
        </Cdtr>
        <CdtrAcct>
          <Id>
            <IBAN>GB29NWBK60161331926819</IBAN>
          </Id>
        </CdtrAcct>
        <RmtInf>
          <Ustrd>Salary March 2026</Ustrd>
        </RmtInf>
      </CdtTrfTxInf>
    </PmtInf>
  </CstmrCdtTrfInitn>
</Document>
