<?xml version='1.0' encoding='UTF-8'?>
<Document xmlns="urn:iso:std:iso:20022:tech:xsd:pain.001.001.09" xmlns:xsi="http://www.w3.org/2001/XMLSchema-instance">
  <CstmrCdtTrfInitn>
    <GrpHdr>
      <MsgId>MSG-4d470ed6a666</MsgId>
      <CreDtTm>2026-03-28T18:02:53.641616</CreDtTm>
      <NbOfTxs>1</NbOfTxs>
      <CtrlSum>5000000</CtrlSum>
      <InitgPty>
        <Nm>Schweizerische Nationalbank</Nm>
      </InitgPty>
    </GrpHdr>
    <PmtInf>
      <PmtInfId>PMT-e0688849eec7</PmtInfId>
      <PmtMtd>TRF</PmtMtd>
      <NbOfTxs>1</NbOfTxs>
      <CtrlSum>5000000</CtrlSum>
      <ReqdExctnDt>
        <Dt>2026-03-30</Dt>
      </ReqdExctnDt>
      <Dbtr>
        <Nm>Schweizerische Nationalbank</Nm>
      </Dbtr>
      <DbtrAcct>
        <Id>
          <IBAN>CH5604835012345678009</IBAN>
        </Id>
      </DbtrAcct>
      <DbtrAgt>
        <FinInstnId>
          <BICFI>SNBZCHZZXXX</BICFI>
        </FinInstnId>
      </DbtrAgt>
      <CdtTrfTxInf>
        <PmtId>
          <EndToEndId>E2E-e8cee951b047</EndToEndId>
        </PmtId>
        <Amt>
          <InstdAmt Ccy="CHF">5000000</InstdAmt>
        </Amt>
        <Cdtr>
          <Nm>Kantonsspital Zuerich</Nm>
          <PstlAdr>
            <StrtNm>Baettigstrasse</StrtNm>
            <BldgNb>56</BldgNb>
            <PstCd>7861</PstCd>
            <TwnNm>Martigny</TwnNm>
            <Ctry>CH</Ctry>
          </PstlAdr>
        </Cdtr>
        <CdtrAcct>
          <Id>
            <IBAN>CH9638467577590175186</IBAN>
          </Id>
        </CdtrAcct>
        <RmtInf>
          <Strd>
            <CdtrRefInf>
              <Tp>
                <CdOrPrtry>
                  <Cd>SCOR</Cd>
                </CdOrPrtry>
              </Tp>
              <Ref>RF75DVHKILZ8VL326T17AST0R</Ref>
            </CdtrRefInf>
          </Strd>
        </RmtInf>
      </CdtTrfTxInf>
    </PmtInf>
  </CstmrCdtTrfInitn>
</Document>
