<?xml version='1.0' encoding='UTF-8'?>
<Document xmlns="urn:iso:std:iso:20022:tech:xsd:pain.001.001.09" xmlns:xsi="http://www.w3.org/2001/XMLSchema-instance">
  <CstmrCdtTrfInitn>
    <GrpHdr>
      <MsgId>MSG-88476c56827c</MsgId>
      <CreDtTm>2026-03-28T23:33:55.871699</CreDtTm>
      <NbOfTxs>1</NbOfTxs>
      <CtrlSum>5000</CtrlSum>
      <InitgPty>
        <Nm>Amrein Rueegg  Cie.</Nm>
      </InitgPty>
    </GrpHdr>
    <PmtInf>
      <PmtInfId>PMT-4cbf131d901b</PmtInfId>
      <PmtMtd>TRF</PmtMtd>
      <NbOfTxs>1</NbOfTxs>
      <CtrlSum>5000</CtrlSum>
      <ReqdExctnDt>
        <Dt>2026-03-30</Dt>
      </ReqdExctnDt>
      <Dbtr>
        <Nm>Amrein Rueegg  Cie.</Nm>
      </Dbtr>
      <DbtrAcct>
        <Id>
          <IBAN>CH5604835012345678009</IBAN>
        </Id>
      </DbtrAcct>
      <DbtrAgt>
        <FinInstnId/>
      </DbtrAgt>
      <ChrgBr>SHAR</ChrgBr>
      <CdtTrfTxInf>
        <PmtId>
          <EndToEndId>E2E-561c921097fe</EndToEndId>
          <UETR>68311d47-8c7c-46d9-abce-dfc32d91a2c2</UETR>
        </PmtId>
        <Amt>
          <InstdAmt Ccy="EUR">5000</InstdAmt>
        </Amt>
        <Cdtr>
          <Nm>Keller Zimmermann AG</Nm>
          <PstlAdr>
            <StrtNm>Brown Brooks</StrtNm>
            <BldgNb>190</BldgNb>
            <PstCd>16501</PstCd>
            <TwnNm>Lake Jamesfurt</TwnNm>
            <Ctry>GE</Ctry>
          </PstlAdr>
        </Cdtr>
        <CdtrAcct>
          <Id>
            <IBAN>GE13000257872982595269</IBAN>
          </Id>
        </CdtrAcct>
      </CdtTrfTxInf>
    </PmtInf>
  </CstmrCdtTrfInitn>
</Document>
