<?xml version='1.0' encoding='UTF-8'?>
<Document xmlns="urn:iso:std:iso:20022:tech:xsd:pain.001.001.09" xmlns:xsi="http://www.w3.org/2001/XMLSchema-instance">
  <CstmrCdtTrfInitn>
    <GrpHdr>
      <MsgId>MSG-f8cda88b436d</MsgId>
      <CreDtTm>2026-03-20T19:23:54.856453</CreDtTm>
      <NbOfTxs>1</NbOfTxs>
      <CtrlSum>3200</CtrlSum>
      <InitgPty>
        <Nm>Muster AG</Nm>
      </InitgPty>
    </GrpHdr>
    <PmtInf>
      <PmtInfId>PMT-81f76d1c2dbc</PmtInfId>
      <PmtMtd>TRF</PmtMtd>
      <NbOfTxs>1</NbOfTxs>
      <CtrlSum>3200</CtrlSum>
      <ReqdExctnDt>
        <Dt>2026-03-23</Dt>
      </ReqdExctnDt>
      <Dbtr>
        <Nm>Muster AG</Nm>
        <PstlAdr>
          <StrtNm>Bahnhofstrasse</StrtNm>
          <BldgNb>1</BldgNb>
          <PstCd>8001</PstCd>
          <TwnNm>Zuerich</TwnNm>
          <Ctry>CH</Ctry>
        </PstlAdr>
      </Dbtr>
      <DbtrAcct>
        <Id>
          <IBAN>CH5604835012345678009</IBAN>
        </Id>
      </DbtrAcct>
      <DbtrAgt>
        <FinInstnId>
          <BICFI>CRESCHZZ80A</BICFI>
        </FinInstnId>
      </DbtrAgt>
      <CdtTrfTxInf>
        <PmtId>
          <EndToEndId>E2E-b8db0672f42d</EndToEndId>
        </PmtId>
        <Amt>
          <InstdAmt Ccy="CHF">3200</InstdAmt>
        </Amt>
        <Cdtr>
          <Nm>Seiler  Cie.</Nm>
          <PstlAdr>
            <StrtNm>Christenstrasse</StrtNm>
            <BldgNb>36</BldgNb>
            <PstCd>3375</PstCd>
            <TwnNm>Suhr</TwnNm>
            <Ctry>CH</Ctry>
          </PstlAdr>
        </Cdtr>
        <CdtrAcct>
          <Id>
            <IBAN>CH3530292423884969653</IBAN>
          </Id>
        </CdtrAcct>
        <RmtInf>
          <Strd>
            <CdtrRefInf>
              <Tp>
                <CdOrPrtry>
                  <Prtry>QRR</Prtry>
                </CdOrPrtry>
              </Tp>
              <Ref>871012269166978480184514629</Ref>
            </CdtrRefInf>
          </Strd>
        </RmtInf>
      </CdtTrfTxInf>
    </PmtInf>
  </CstmrCdtTrfInitn>
</Document>
