<?xml version='1.0' encoding='UTF-8'?>
<Document xmlns="urn:iso:std:iso:20022:tech:xsd:pain.001.001.09" xmlns:xsi="http://www.w3.org/2001/XMLSchema-instance">
  <CstmrCdtTrfInitn>
    <GrpHdr>
      <MsgId>MSG-9384ec2b44fe</MsgId>
      <CreDtTm>2026-03-28T23:33:55.818794</CreDtTm>
      <NbOfTxs>1</NbOfTxs>
      <CtrlSum>10000</CtrlSum>
      <InitgPty>
        <Nm>Aebi GmbH</Nm>
      </InitgPty>
    </GrpHdr>
    <PmtInf>
      <PmtInfId>PMT-2cd94cbbc19a</PmtInfId>
      <PmtMtd>TRF</PmtMtd>
      <NbOfTxs>1</NbOfTxs>
      <CtrlSum>10000</CtrlSum>
      <ReqdExctnDt>
        <Dt>2026-03-30</Dt>
      </ReqdExctnDt>
      <Dbtr>
        <Nm>Aebi GmbH</Nm>
      </Dbtr>
      <DbtrAcct>
        <Id>
          <IBAN>CH5604835012345678009</IBAN>
        </Id>
      </DbtrAcct>
      <DbtrAgt>
        <FinInstnId/>
      </DbtrAgt>
      <ChrgBr>SHAR</ChrgBr>
      <CdtTrfTxInf>
        <PmtId>
          <EndToEndId>E2E-c3c75611ffe3</EndToEndId>
          <UETR>0629a859-8200-41c7-8246-12e331d78baf</UETR>
        </PmtId>
        <Amt>
          <InstdAmt Ccy="JPY">10000</InstdAmt>
        </Amt>
        <CdtrAgt>
          <FinInstnId>
            <BICFI>ROYCCAT2XXX</BICFI>
          </FinInstnId>
        </CdtrAgt>
        <Cdtr>
          <Nm>Wyss Friedli  Cie.</Nm>
          <PstlAdr>
            <StrtNm>Pitts Roads</StrtNm>
            <BldgNb>151</BldgNb>
            <PstCd>53052</PstCd>
            <TwnNm>New Jonathanview</TwnNm>
            <Ctry>PK</Ctry>
          </PstlAdr>
        </Cdtr>
        <CdtrAcct>
          <Id>
            <IBAN>PK8617464887719065940139</IBAN>
          </Id>
        </CdtrAcct>
      </CdtTrfTxInf>
    </PmtInf>
  </CstmrCdtTrfInitn>
</Document>
