<?xml version='1.0' encoding='UTF-8'?>
<Document xmlns="urn:iso:std:iso:20022:tech:xsd:pain.001.001.09" xmlns:xsi="http://www.w3.org/2001/XMLSchema-instance">
  <CstmrCdtTrfInitn>
    <GrpHdr>
      <MsgId>MSG-0257185126a9</MsgId>
      <CreDtTm>2026-03-28T18:02:53.589633</CreDtTm>
      <NbOfTxs>1</NbOfTxs>
      <CtrlSum>25000</CtrlSum>
      <InitgPty>
        <Nm>Gerber AG</Nm>
      </InitgPty>
    </GrpHdr>
    <PmtInf>
      <PmtInfId>PMT-5f8a14bd74bd</PmtInfId>
      <PmtMtd>TRF</PmtMtd>
      <NbOfTxs>1</NbOfTxs>
      <CtrlSum>25000</CtrlSum>
      <ReqdExctnDt>
        <Dt>2026-03-30</Dt>
      </ReqdExctnDt>
      <Dbtr>
        <Nm>Gerber AG</Nm>
      </Dbtr>
      <DbtrAcct>
        <Id>
          <IBAN>CH5604835012345678009</IBAN>
        </Id>
      </DbtrAcct>
      <DbtrAgt>
        <FinInstnId/>
      </DbtrAgt>
      <ChrgBr>SHAR</ChrgBr>
      <CdtTrfTxInf>
        <PmtId>
          <EndToEndId>E2E-3b3f3800a175</EndToEndId>
          <UETR>7d29cd53-35c7-4d37-8447-60ffa5ed3177</UETR>
        </PmtId>
        <Amt>
          <InstdAmt Ccy="CAD">25000</InstdAmt>
        </Amt>
        <CdtrAgt>
          <FinInstnId>
            <BICFI>GEBABEBB</BICFI>
          </FinInstnId>
        </CdtrAgt>
        <Cdtr>
          <Nm>Ferrari GmbH</Nm>
          <PstlAdr>
            <StrtNm>Lindsay Expressway</StrtNm>
            <BldgNb>106</BldgNb>
            <PstCd>39323</PstCd>
            <TwnNm>Lake Michaelport</TwnNm>
            <Ctry>KZ</Ctry>
          </PstlAdr>
        </Cdtr>
        <CdtrAcct>
          <Id>
            <IBAN>KZ277725228728080100</IBAN>
          </Id>
        </CdtrAcct>
      </CdtTrfTxInf>
    </PmtInf>
  </CstmrCdtTrfInitn>
</Document>
