<?xml version='1.0' encoding='UTF-8'?>
<Document xmlns="urn:iso:std:iso:20022:tech:xsd:pain.001.001.09" xmlns:xsi="http://www.w3.org/2001/XMLSchema-instance">
  <CstmrCdtTrfInitn>
    <GrpHdr>
      <MsgId>MSG-67fd64c4a334</MsgId>
      <CreDtTm>2026-03-28T18:02:53.557820</CreDtTm>
      <NbOfTxs>1</NbOfTxs>
      <CtrlSum>5000</CtrlSum>
      <InitgPty>
        <Nm>Huerlimann GmbH</Nm>
      </InitgPty>
    </GrpHdr>
    <PmtInf>
      <PmtInfId>PMT-bff9507dcd14</PmtInfId>
      <PmtMtd>TRF</PmtMtd>
      <NbOfTxs>1</NbOfTxs>
      <CtrlSum>5000</CtrlSum>
      <ReqdExctnDt>
        <Dt>2026-03-30</Dt>
      </ReqdExctnDt>
      <Dbtr>
        <Nm>Huerlimann GmbH</Nm>
      </Dbtr>
      <DbtrAcct>
        <Id>
          <IBAN>CH5604835012345678009</IBAN>
        </Id>
      </DbtrAcct>
      <DbtrAgt>
        <FinInstnId/>
      </DbtrAgt>
      <ChrgBr>SHAR</ChrgBr>
      <CdtTrfTxInf>
        <PmtId>
          <EndToEndId>E2E-0eaf04b5f2a9</EndToEndId>
          <UETR>223afe49-d056-4134-b018-0977d4e4369a</UETR>
        </PmtId>
        <Amt>
          <InstdAmt Ccy="SEK">5000</InstdAmt>
        </Amt>
        <Cdtr>
          <Nm>Roth Favre  Soehne</Nm>
          <PstlAdr>
            <StrtNm>Matthew Trail</StrtNm>
            <BldgNb>164</BldgNb>
            <PstCd>93603</PstCd>
            <TwnNm>Mcguirestad</TwnNm>
            <Ctry>QA</Ctry>
          </PstlAdr>
        </Cdtr>
        <CdtrAcct>
          <Id>
            <IBAN>QA066169284511544796275705964</IBAN>
          </Id>
        </CdtrAcct>
      </CdtTrfTxInf>
    </PmtInf>
  </CstmrCdtTrfInitn>
</Document>
