<?xml version='1.0' encoding='UTF-8'?>
<Document xmlns="urn:iso:std:iso:20022:tech:xsd:pain.001.001.09" xmlns:xsi="http://www.w3.org/2001/XMLSchema-instance">
  <CstmrCdtTrfInitn>
    <GrpHdr>
      <MsgId>MSG-6ee3560792ea</MsgId>
      <CreDtTm>2026-03-28T23:33:55.970701</CreDtTm>
      <NbOfTxs>1</NbOfTxs>
      <CtrlSum>42000</CtrlSum>
      <InitgPty>
        <Nm>Muster AG</Nm>
      </InitgPty>
    </GrpHdr>
    <PmtInf>
      <PmtInfId>PMT-7f0223bc651e</PmtInfId>
      <PmtMtd>TRF</PmtMtd>
      <NbOfTxs>1</NbOfTxs>
      <CtrlSum>42000</CtrlSum>
      <PmtTpInf>
        <CtgyPurp>
          <Cd>COMC</Cd>
        </CtgyPurp>
      </PmtTpInf>
      <ReqdExctnDt>
        <Dt>2026-03-30</Dt>
      </ReqdExctnDt>
      <Dbtr>
        <Nm>Muster AG</Nm>
      </Dbtr>
      <DbtrAcct>
        <Id>
          <IBAN>CH5604835012345678009</IBAN>
        </Id>
      </DbtrAcct>
      <DbtrAgt>
        <FinInstnId>
          <BICFI>CRESCHZZ80A</BICFI>
        </FinInstnId>
      </DbtrAgt>
      <ChrgBr>CRED</ChrgBr>
      <CdtTrfTxInf>
        <PmtId>
          <EndToEndId>E2E-0cf697a57603</EndToEndId>
          <UETR>25f1daea-85d6-41bf-b613-404adfbf32c0</UETR>
        </PmtId>
        <Amt>
          <InstdAmt Ccy="JPY">42000</InstdAmt>
        </Amt>
        <CdtrAgt>
          <FinInstnId>
            <BICFI>BPPIITRRXXX</BICFI>
          </FinInstnId>
        </CdtrAgt>
        <Cdtr>
          <Nm>Italia Commercio SpA</Nm>
          <PstlAdr>
            <StrtNm>Sara Grove</StrtNm>
            <BldgNb>32</BldgNb>
            <PstCd>49811</PstCd>
            <TwnNm>Hillfurt</TwnNm>
            <Ctry>IT</Ctry>
          </PstlAdr>
        </Cdtr>
        <CdtrAcct>
          <Id>
            <IBAN>IT60X0542811101000000123456</IBAN>
          </Id>
        </CdtrAcct>
        <RmtInf>
          <Ustrd>Delivery note DN-2026-44</Ustrd>
        </RmtInf>
      </CdtTrfTxInf>
    </PmtInf>
  </CstmrCdtTrfInitn>
</Document>
