<?xml version='1.0' encoding='UTF-8'?>
<Document xmlns="urn:iso:std:iso:20022:tech:xsd:pain.001.001.09" xmlns:xsi="http://www.w3.org/2001/XMLSchema-instance">
  <CstmrCdtTrfInitn>
    <GrpHdr>
      <MsgId>MSG-9342a09fb00a</MsgId>
      <CreDtTm>2026-03-28T23:33:55.905479</CreDtTm>
      <NbOfTxs>1</NbOfTxs>
      <CtrlSum>3000</CtrlSum>
      <InitgPty>
        <Nm>Amrein Rueegg  Cie.</Nm>
      </InitgPty>
    </GrpHdr>
    <PmtInf>
      <PmtInfId>PMT-64215e665fc6</PmtInfId>
      <PmtMtd>TRF</PmtMtd>
      <NbOfTxs>1</NbOfTxs>
      <CtrlSum>3000</CtrlSum>
      <ReqdExctnDt>
        <Dt>2026-03-30</Dt>
      </ReqdExctnDt>
      <Dbtr>
        <Nm>Amrein Rueegg  Cie.</Nm>
      </Dbtr>
      <DbtrAcct>
        <Id>
          <IBAN>CH5604835012345678009</IBAN>
        </Id>
      </DbtrAcct>
      <DbtrAgt>
        <FinInstnId/>
      </DbtrAgt>
      <ChrgBr>SHAR</ChrgBr>
      <CdtTrfTxInf>
        <PmtId>
          <EndToEndId>E2E-84cfee39bf31</EndToEndId>
          <UETR>5f57f6ce-b425-4e0b-9e87-e3f40430e16c</UETR>
        </PmtId>
        <Amt>
          <InstdAmt Ccy="JPY">3000</InstdAmt>
        </Amt>
        <CdtrAgt>
          <FinInstnId>
            <BICFI>BARCGB22XXX</BICFI>
          </FinInstnId>
        </CdtrAgt>
        <Cdtr>
          <Nm>Keller Zimmermann AG</Nm>
          <PstlAdr>
            <BldgNb>67</BldgNb>
            <PstCd>83064</PstCd>
            <TwnNm>Ashleyfurt</TwnNm>
            <Ctry>XK</Ctry>
          </PstlAdr>
        </Cdtr>
        <CdtrAcct>
          <Id>
            <IBAN>XK348911352909656101</IBAN>
          </Id>
        </CdtrAcct>
      </CdtTrfTxInf>
    </PmtInf>
  </CstmrCdtTrfInitn>
</Document>
