<?xml version='1.0' encoding='UTF-8'?>
<Document xmlns="urn:iso:std:iso:20022:tech:xsd:pain.001.001.09" xmlns:xsi="http://www.w3.org/2001/XMLSchema-instance">
  <CstmrCdtTrfInitn>
    <GrpHdr>
      <MsgId>MSG-0b7059334cde</MsgId>
      <CreDtTm>2026-03-28T23:33:55.907492</CreDtTm>
      <NbOfTxs>1</NbOfTxs>
      <CtrlSum>2000</CtrlSum>
      <InitgPty>
        <Nm>Widmer Hess  Partner</Nm>
      </InitgPty>
    </GrpHdr>
    <PmtInf>
      <PmtInfId>PMT-05c8234b1d76</PmtInfId>
      <PmtMtd>TRF</PmtMtd>
      <NbOfTxs>1</NbOfTxs>
      <CtrlSum>2000</CtrlSum>
      <PmtTpInf>
        <SvcLvl>
          <Cd>SEPA</Cd>
        </SvcLvl>
      </PmtTpInf>
      <ReqdExctnDt>
        <Dt>2026-03-30</Dt>
      </ReqdExctnDt>
      <Dbtr>
        <Nm>Widmer Hess  Partner</Nm>
      </Dbtr>
      <DbtrAcct>
        <Id>
          <IBAN>CH5604835012345678009</IBAN>
        </Id>
      </DbtrAcct>
      <DbtrAgt>
        <FinInstnId/>
      </DbtrAgt>
      <ChrgBr>SLEV</ChrgBr>
      <CdtTrfTxInf>
        <PmtId>
          <EndToEndId>E2E-73d39457b25f</EndToEndId>
        </PmtId>
        <Amt>
          <InstdAmt Ccy="EUR">2000</InstdAmt>
        </Amt>
        <Cdtr>
          <Nm>Bianchi  Partner</Nm>
          <PstlAdr>
            <StrtNm>Tucker Walk</StrtNm>
            <BldgNb>25</BldgNb>
            <PstCd>85176</PstCd>
            <TwnNm>West Oscarview</TwnNm>
            <Ctry>RO</Ctry>
          </PstlAdr>
        </Cdtr>
        <CdtrAcct>
          <Id>
            <IBAN>RO5482507146112545738757</IBAN>
          </Id>
        </CdtrAcct>
      </CdtTrfTxInf>
    </PmtInf>
  </CstmrCdtTrfInitn>
</Document>
