<?xml version='1.0' encoding='UTF-8'?>
<Document xmlns="urn:iso:std:iso:20022:tech:xsd:pain.001.001.09" xmlns:xsi="http://www.w3.org/2001/XMLSchema-instance">
  <CstmrCdtTrfInitn>
    <GrpHdr>
      <MsgId>MSG-34e50699c8eb</MsgId>
      <CreDtTm>2026-03-28T23:33:55.915929</CreDtTm>
      <NbOfTxs>1</NbOfTxs>
      <CtrlSum>150000</CtrlSum>
      <InitgPty>
        <Nm>Muster AG</Nm>
      </InitgPty>
    </GrpHdr>
    <PmtInf>
      <PmtInfId>PMT-0f321333ce31</PmtInfId>
      <PmtMtd>TRF</PmtMtd>
      <NbOfTxs>1</NbOfTxs>
      <CtrlSum>150000</CtrlSum>
      <PmtTpInf>
        <CtgyPurp>
          <Cd>SUPP</Cd>
        </CtgyPurp>
      </PmtTpInf>
      <ReqdExctnDt>
        <Dt>2026-03-30</Dt>
      </ReqdExctnDt>
      <Dbtr>
        <Nm>Muster AG</Nm>
      </Dbtr>
      <DbtrAcct>
        <Id>
          <IBAN>CH5604835012345678009</IBAN>
        </Id>
      </DbtrAcct>
      <DbtrAgt>
        <FinInstnId>
          <BICFI>CRESCHZZ80A</BICFI>
        </FinInstnId>
      </DbtrAgt>
      <ChrgBr>DEBT</ChrgBr>
      <CdtTrfTxInf>
        <PmtId>
          <EndToEndId>E2E-2a7dc57c6d9c</EndToEndId>
          <UETR>38bcc9d7-b480-4c04-9f74-e64032805d45</UETR>
        </PmtId>
        <Amt>
          <InstdAmt Ccy="JPY">150000</InstdAmt>
        </Amt>
        <CdtrAgt>
          <FinInstnId>
            <BICFI>NWBKGB2L</BICFI>
          </FinInstnId>
        </CdtrAgt>
        <Cdtr>
          <Nm>Globex Corporation</Nm>
          <PstlAdr>
            <StrtNm>Camacho Turnpike</StrtNm>
            <BldgNb>182</BldgNb>
            <PstCd>83562</PstCd>
            <TwnNm>Port Paulhaven</TwnNm>
            <Ctry>GB</Ctry>
          </PstlAdr>
        </Cdtr>
        <CdtrAcct>
          <Id>
            <IBAN>GB29NWBK60161331926819</IBAN>
          </Id>
        </CdtrAcct>
        <RmtInf>
          <Ustrd>Contract REF-2025-44891 final settlement</Ustrd>
        </RmtInf>
      </CdtTrfTxInf>
    </PmtInf>
  </CstmrCdtTrfInitn>
</Document>
