<?xml version='1.0' encoding='UTF-8'?>
<Document xmlns="urn:iso:std:iso:20022:tech:xsd:pain.001.001.09" xmlns:xsi="http://www.w3.org/2001/XMLSchema-instance">
  <CstmrCdtTrfInitn>
    <GrpHdr>
      <MsgId>MSG-b7e99acaa970</MsgId>
      <CreDtTm>2026-03-28T18:02:53.491383</CreDtTm>
      <NbOfTxs>1</NbOfTxs>
      <CtrlSum>500</CtrlSum>
      <InitgPty>
        <Nm>Eichenberger Schenk AG</Nm>
      </InitgPty>
    </GrpHdr>
    <PmtInf>
      <PmtInfId>PMT-4bf50b52309d</PmtInfId>
      <PmtMtd>TRF</PmtMtd>
      <NbOfTxs>1</NbOfTxs>
      <CtrlSum>500</CtrlSum>
      <ReqdExctnDt>
        <Dt>2026-03-30</Dt>
      </ReqdExctnDt>
      <Dbtr>
        <Nm>Eichenberger Schenk AG</Nm>
      </Dbtr>
      <DbtrAcct>
        <Id>
          <IBAN>CH5604835012345678009</IBAN>
        </Id>
      </DbtrAcct>
      <DbtrAgt>
        <FinInstnId/>
      </DbtrAgt>
      <CdtTrfTxInf>
        <PmtId>
          <EndToEndId>E2E-fed4057dbb02</EndToEndId>
        </PmtId>
        <Amt>
          <InstdAmt Ccy="CHF">500</InstdAmt>
        </Amt>
        <Cdtr>
          <Nm>Gloor Stalder AG</Nm>
          <PstlAdr>
            <StrtNm>Baettigstrasse</StrtNm>
            <BldgNb>72</BldgNb>
            <PstCd>7861</PstCd>
            <TwnNm>Martigny</TwnNm>
            <Ctry>CH</Ctry>
          </PstlAdr>
        </Cdtr>
        <CdtrAcct>
          <Id>
            <IBAN>CH8630201065133387262</IBAN>
          </Id>
        </CdtrAcct>
        <RmtInf>
          <Strd>
            <CdtrRefInf>
              <Tp>
                <CdOrPrtry>
                  <Cd>SCOR</Cd>
                </CdOrPrtry>
              </Tp>
              <Ref>RF18539007547034</Ref>
            </CdtrRefInf>
          </Strd>
        </RmtInf>
      </CdtTrfTxInf>
    </PmtInf>
  </CstmrCdtTrfInitn>
</Document>
