<?xml version='1.0' encoding='UTF-8'?>
<Document xmlns="urn:iso:std:iso:20022:tech:xsd:pain.001.001.09" xmlns:xsi="http://www.w3.org/2001/XMLSchema-instance">
  <CstmrCdtTrfInitn>
    <GrpHdr>
      <MsgId>MSG-a3c988e48d22</MsgId>
      <CreDtTm>2026-03-28T18:02:53.561685</CreDtTm>
      <NbOfTxs>1</NbOfTxs>
      <CtrlSum>5000</CtrlSum>
      <InitgPty>
        <Nm>Zingg Maier GmbH</Nm>
      </InitgPty>
    </GrpHdr>
    <PmtInf>
      <PmtInfId>PMT-f75d1e3cc48d</PmtInfId>
      <PmtMtd>TRF</PmtMtd>
      <NbOfTxs>1</NbOfTxs>
      <CtrlSum>5000</CtrlSum>
      <ReqdExctnDt>
        <Dt>2026-03-30</Dt>
      </ReqdExctnDt>
      <Dbtr>
        <Nm>Zingg Maier GmbH</Nm>
      </Dbtr>
      <DbtrAcct>
        <Id>
          <IBAN>CH5604835012345678009</IBAN>
        </Id>
      </DbtrAcct>
      <DbtrAgt>
        <FinInstnId/>
      </DbtrAgt>
      <ChrgBr>SHAR</ChrgBr>
      <CdtTrfTxInf>
        <PmtId>
          <EndToEndId>E2E-e0c1ff1e20da</EndToEndId>
          <UETR>68df7947-3a67-4f40-9bb1-5429e0f0c062</UETR>
        </PmtId>
        <Amt>
          <InstdAmt Ccy="NZD">5000</InstdAmt>
        </Amt>
        <Cdtr>
          <Nm>Kern GmbH</Nm>
          <PstlAdr>
            <StrtNm>Vasquez Rapids</StrtNm>
            <BldgNb>175</BldgNb>
            <PstCd>54752</PstCd>
            <TwnNm>Trevorhaven</TwnNm>
            <Ctry>KW</Ctry>
          </PstlAdr>
        </Cdtr>
        <CdtrAcct>
          <Id>
            <IBAN>KW4937058957829114678669125177</IBAN>
          </Id>
        </CdtrAcct>
      </CdtTrfTxInf>
    </PmtInf>
  </CstmrCdtTrfInitn>
</Document>
