<?xml version='1.0' encoding='UTF-8'?>
<Document xmlns="urn:iso:std:iso:20022:tech:xsd:pain.001.001.09" xmlns:xsi="http://www.w3.org/2001/XMLSchema-instance">
  <CstmrCdtTrfInitn>
    <GrpHdr>
      <MsgId>MSG-dea45c19d024</MsgId>
      <CreDtTm>2026-03-28T18:02:53.533867</CreDtTm>
      <NbOfTxs>1</NbOfTxs>
      <CtrlSum>10000</CtrlSum>
      <InitgPty>
        <Nm>Zbinden  Partner</Nm>
      </InitgPty>
    </GrpHdr>
    <PmtInf>
      <PmtInfId>PMT-25c61c45c63d</PmtInfId>
      <PmtMtd>TRF</PmtMtd>
      <NbOfTxs>1</NbOfTxs>
      <CtrlSum>10000</CtrlSum>
      <ReqdExctnDt>
        <Dt>2026-03-30</Dt>
      </ReqdExctnDt>
      <Dbtr>
        <Nm>Zbinden  Partner</Nm>
      </Dbtr>
      <DbtrAcct>
        <Id>
          <IBAN>CH5604835012345678009</IBAN>
        </Id>
      </DbtrAcct>
      <DbtrAgt>
        <FinInstnId/>
      </DbtrAgt>
      <ChrgBr>SHAR</ChrgBr>
      <CdtTrfTxInf>
        <PmtId>
          <EndToEndId>E2E-350843f08de0</EndToEndId>
          <UETR>bcc53146-7855-48c1-8640-053748ede665</UETR>
        </PmtId>
        <Amt>
          <InstdAmt Ccy="DKK">10000</InstdAmt>
        </Amt>
        <CdtrAgt>
          <FinInstnId>
            <BICFI>DABADKKKXXX</BICFI>
          </FinInstnId>
        </CdtrAgt>
        <Cdtr>
          <Nm>Pfister Christen  Soehne</Nm>
          <PstlAdr>
            <StrtNm>Michael Terrace</StrtNm>
            <BldgNb>18</BldgNb>
            <PstCd>98397</PstCd>
            <TwnNm>Popeton</TwnNm>
            <Ctry>CR</Ctry>
          </PstlAdr>
        </Cdtr>
        <CdtrAcct>
          <Id>
            <IBAN>CR67850643171390053293</IBAN>
          </Id>
        </CdtrAcct>
      </CdtTrfTxInf>
    </PmtInf>
  </CstmrCdtTrfInitn>
</Document>
