<?xml version='1.0' encoding='UTF-8'?>
<Document xmlns="urn:iso:std:iso:20022:tech:xsd:pain.001.001.09" xmlns:xsi="http://www.w3.org/2001/XMLSchema-instance">
  <CstmrCdtTrfInitn>
    <GrpHdr>
      <MsgId>MSG-fbf6e16f9b30</MsgId>
      <CreDtTm>2026-03-28T18:02:53.498772</CreDtTm>
      <NbOfTxs>1</NbOfTxs>
      <CtrlSum>800</CtrlSum>
      <InitgPty>
        <Nm>Eichenberger Schenk AG</Nm>
      </InitgPty>
    </GrpHdr>
    <PmtInf>
      <PmtInfId>PMT-e645f129629c</PmtInfId>
      <PmtMtd>TRF</PmtMtd>
      <NbOfTxs>1</NbOfTxs>
      <CtrlSum>800</CtrlSum>
      <ReqdExctnDt>
        <Dt>2026-03-30</Dt>
      </ReqdExctnDt>
      <Dbtr>
        <Nm>Eichenberger Schenk AG</Nm>
      </Dbtr>
      <DbtrAcct>
        <Id>
          <IBAN>CH5604835012345678009</IBAN>
        </Id>
      </DbtrAcct>
      <DbtrAgt>
        <FinInstnId/>
      </DbtrAgt>
      <CdtTrfTxInf>
        <PmtId>
          <EndToEndId>E2E-c9535b63ba81</EndToEndId>
        </PmtId>
        <Amt>
          <InstdAmt Ccy="EUR">800</InstdAmt>
        </Amt>
        <Cdtr>
          <Nm>Gloor Stalder AG</Nm>
          <PstlAdr>
            <StrtNm>Baettigstrasse</StrtNm>
            <BldgNb>10</BldgNb>
            <PstCd>7861</PstCd>
            <TwnNm>Martigny</TwnNm>
            <Ctry>CH</Ctry>
          </PstlAdr>
        </Cdtr>
        <CdtrAcct>
          <Id>
            <IBAN>CH4809099458685014294</IBAN>
          </Id>
        </CdtrAcct>
      </CdtTrfTxInf>
    </PmtInf>
  </CstmrCdtTrfInitn>
</Document>
