<?xml version='1.0' encoding='UTF-8'?>
<Document xmlns="urn:iso:std:iso:20022:tech:xsd:pain.001.001.09" xmlns:xsi="http://www.w3.org/2001/XMLSchema-instance">
  <CstmrCdtTrfInitn>
    <GrpHdr>
      <MsgId>MSG-bf0d073d821c</MsgId>
      <CreDtTm>2026-03-28T18:02:53.522372</CreDtTm>
      <NbOfTxs>1</NbOfTxs>
      <CtrlSum>10000</CtrlSum>
      <InitgPty>
        <Nm>Meili GmbH</Nm>
      </InitgPty>
    </GrpHdr>
    <PmtInf>
      <PmtInfId>PMT-11df12d7dd30</PmtInfId>
      <PmtMtd>TRF</PmtMtd>
      <NbOfTxs>1</NbOfTxs>
      <CtrlSum>10000</CtrlSum>
      <ReqdExctnDt>
        <Dt>2026-03-30</Dt>
      </ReqdExctnDt>
      <Dbtr>
        <Nm>Meili GmbH</Nm>
      </Dbtr>
      <DbtrAcct>
        <Id>
          <IBAN>CH5604835012345678009</IBAN>
        </Id>
      </DbtrAcct>
      <DbtrAgt>
        <FinInstnId/>
      </DbtrAgt>
      <ChrgBr>SHAR</ChrgBr>
      <CdtTrfTxInf>
        <PmtId>
          <EndToEndId>E2E-30cbd7556232</EndToEndId>
          <UETR>c0835a76-bca9-42b3-8345-93035f71f1b3</UETR>
        </PmtId>
        <Amt>
          <InstdAmt Ccy="SEK">10000</InstdAmt>
        </Amt>
        <CdtrAgt>
          <FinInstnId>
            <BICFI>SWEDSESSXXX</BICFI>
          </FinInstnId>
        </CdtrAgt>
        <Cdtr>
          <Nm>Wegmann GmbH</Nm>
          <PstlAdr>
            <StrtNm>Peters Hills</StrtNm>
            <BldgNb>117</BldgNb>
            <PstCd>05880</PstCd>
            <TwnNm>Livingstonmouth</TwnNm>
            <Ctry>IL</Ctry>
          </PstlAdr>
        </Cdtr>
        <CdtrAcct>
          <Id>
            <IBAN>IL064808613171274846773</IBAN>
          </Id>
        </CdtrAcct>
      </CdtTrfTxInf>
    </PmtInf>
  </CstmrCdtTrfInitn>
</Document>
