<?xml version='1.0' encoding='UTF-8'?>
<Document xmlns="urn:iso:std:iso:20022:tech:xsd:pain.001.001.09" xmlns:xsi="http://www.w3.org/2001/XMLSchema-instance">
  <CstmrCdtTrfInitn>
    <GrpHdr>
      <MsgId>MSG-dff389aa4c36</MsgId>
      <CreDtTm>2026-03-28T18:02:53.638719</CreDtTm>
      <NbOfTxs>3</NbOfTxs>
      <CtrlSum>2450</CtrlSum>
      <InitgPty>
        <Nm>Muster AG</Nm>
      </InitgPty>
    </GrpHdr>
    <PmtInf>
      <PmtInfId>PMT-4347dbca7321</PmtInfId>
      <PmtMtd>TRF</PmtMtd>
      <NbOfTxs>3</NbOfTxs>
      <CtrlSum>2450</CtrlSum>
      <PmtTpInf>
        <SvcLvl>
          <Cd>SEPA</Cd>
        </SvcLvl>
      </PmtTpInf>
      <ReqdExctnDt>
        <Dt>2026-03-30</Dt>
      </ReqdExctnDt>
      <Dbtr>
        <Nm>Muster AG</Nm>
      </Dbtr>
      <DbtrAcct>
        <Id>
          <IBAN>CH5604835012345678009</IBAN>
        </Id>
      </DbtrAcct>
      <DbtrAgt>
        <FinInstnId>
          <BICFI>CRESCHZZ80A</BICFI>
        </FinInstnId>
      </DbtrAgt>
      <ChrgBr>SLEV</ChrgBr>
      <CdtTrfTxInf>
        <PmtId>
          <EndToEndId>E2E-0aa6fcb9c1bc</EndToEndId>
        </PmtId>
        <Amt>
          <InstdAmt Ccy="EUR">500</InstdAmt>
        </Amt>
        <Cdtr>
          <Nm>Berliner Handels GmbH</Nm>
          <PstlAdr>
            <StrtNm>Mudegasse</StrtNm>
            <BldgNb>94</BldgNb>
            <PstCd>67520</PstCd>
            <TwnNm>Wesel</TwnNm>
            <Ctry>DE</Ctry>
          </PstlAdr>
        </Cdtr>
        <CdtrAcct>
          <Id>
            <IBAN>DE89370400440532013000</IBAN>
          </Id>
        </CdtrAcct>
        <RmtInf>
          <Ustrd>Rechnung RE-001</Ustrd>
        </RmtInf>
      </CdtTrfTxInf>
      <CdtTrfTxInf>
        <PmtId>
          <EndToEndId>E2E-37f25d368bdd</EndToEndId>
        </PmtId>
        <Amt>
          <InstdAmt Ccy="EUR">750</InstdAmt>
        </Amt>
        <Cdtr>
          <Nm>Societe Parisienne SA</Nm>
          <PstlAdr>
            <StrtNm>rue Augustin Gonzalez</StrtNm>
            <BldgNb>195</BldgNb>
            <PstCd>27296</PstCd>
            <TwnNm>Royer</TwnNm>
            <Ctry>FR</Ctry>
          </PstlAdr>
        </Cdtr>
        <CdtrAcct>
          <Id>
            <IBAN>FR7630006000011234567890189</IBAN>
          </Id>
        </CdtrAcct>
        <RmtInf>
          <Ustrd>Facture FA-002</Ustrd>
        </RmtInf>
      </CdtTrfTxInf>
      <CdtTrfTxInf>
        <PmtId>
          <EndToEndId>E2E-a757075bd47f</EndToEndId>
        </PmtId>
        <Amt>
          <InstdAmt Ccy="EUR">1200</InstdAmt>
        </Amt>
        <Cdtr>
          <Nm>Banco di Roma SpA</Nm>
          <PstlAdr>
            <StrtNm>Davidson Plain</StrtNm>
            <BldgNb>109</BldgNb>
            <PstCd>83324</PstCd>
            <TwnNm>New Paul</TwnNm>
            <Ctry>IT</Ctry>
          </PstlAdr>
        </Cdtr>
        <CdtrAcct>
          <Id>
            <IBAN>IT60X0542811101000000123456</IBAN>
          </Id>
        </CdtrAcct>
        <RmtInf>
          <Ustrd>Fattura FT-003</Ustrd>
        </RmtInf>
      </CdtTrfTxInf>
    </PmtInf>
  </CstmrCdtTrfInitn>
</Document>
