<?xml version='1.0' encoding='UTF-8'?>
<Document xmlns="urn:iso:std:iso:20022:tech:xsd:pain.001.001.09" xmlns:xsi="http://www.w3.org/2001/XMLSchema-instance">
  <CstmrCdtTrfInitn>
    <GrpHdr>
      <MsgId>MSG-fcef1972bbf4</MsgId>
      <CreDtTm>2026-03-28T23:33:55.867790</CreDtTm>
      <NbOfTxs>1</NbOfTxs>
      <CtrlSum>5000</CtrlSum>
      <InitgPty>
        <Nm>Herzog AG</Nm>
      </InitgPty>
    </GrpHdr>
    <PmtInf>
      <PmtInfId>PMT-66124ab4f9b2</PmtInfId>
      <PmtMtd>TRF</PmtMtd>
      <NbOfTxs>1</NbOfTxs>
      <CtrlSum>5000</CtrlSum>
      <ReqdExctnDt>
        <Dt>2026-03-30</Dt>
      </ReqdExctnDt>
      <Dbtr>
        <Nm>Herzog AG</Nm>
      </Dbtr>
      <DbtrAcct>
        <Id>
          <IBAN>CH5604835012345678009</IBAN>
        </Id>
      </DbtrAcct>
      <DbtrAgt>
        <FinInstnId/>
      </DbtrAgt>
      <ChrgBr>SHAR</ChrgBr>
      <CdtTrfTxInf>
        <PmtId>
          <EndToEndId>E2E-dc8a49225005</EndToEndId>
          <UETR>baca5391-03e0-404f-b3fd-638c350016bd</UETR>
        </PmtId>
        <Amt>
          <InstdAmt Ccy="USD">5000</InstdAmt>
        </Amt>
        <Cdtr>
          <Nm>Hunziker Maurer GmbH</Nm>
          <PstlAdr>
            <StrtNm>Jackson Ports</StrtNm>
            <BldgNb>88</BldgNb>
            <PstCd>72218</PstCd>
            <TwnNm>West Brianville</TwnNm>
            <Ctry>QA</Ctry>
          </PstlAdr>
        </Cdtr>
        <CdtrAcct>
          <Id>
            <IBAN>QA440943969078447364710276773</IBAN>
          </Id>
        </CdtrAcct>
      </CdtTrfTxInf>
    </PmtInf>
  </CstmrCdtTrfInitn>
</Document>
