<?xml version='1.0' encoding='UTF-8'?>
<Document xmlns="urn:iso:std:iso:20022:tech:xsd:pain.001.001.09" xmlns:xsi="http://www.w3.org/2001/XMLSchema-instance">
  <CstmrCdtTrfInitn>
    <GrpHdr>
      <MsgId>MSG-7bf7e1d36a66</MsgId>
      <CreDtTm>2026-03-28T18:02:53.564418</CreDtTm>
      <NbOfTxs>1</NbOfTxs>
      <CtrlSum>5000</CtrlSum>
      <InitgPty>
        <Nm>Zbinden  Partner</Nm>
      </InitgPty>
    </GrpHdr>
    <PmtInf>
      <PmtInfId>PMT-9b4e164b5716</PmtInfId>
      <PmtMtd>TRF</PmtMtd>
      <NbOfTxs>1</NbOfTxs>
      <CtrlSum>5000</CtrlSum>
      <ReqdExctnDt>
        <Dt>2026-03-30</Dt>
      </ReqdExctnDt>
      <Dbtr>
        <Nm>Zbinden  Partner</Nm>
      </Dbtr>
      <DbtrAcct>
        <Id>
          <IBAN>CH5604835012345678009</IBAN>
        </Id>
      </DbtrAcct>
      <DbtrAgt>
        <FinInstnId/>
      </DbtrAgt>
      <ChrgBr>SHAR</ChrgBr>
      <CdtTrfTxInf>
        <PmtId>
          <EndToEndId>E2E-0f5675f8b048</EndToEndId>
          <UETR>ed44d404-1fca-4f05-9fd4-43250d31e475</UETR>
        </PmtId>
        <Amt>
          <InstdAmt Ccy="MXN">5000</InstdAmt>
        </Amt>
        <Cdtr>
          <Nm>Pfister Christen  Soehne</Nm>
          <PstlAdr>
            <StrtNm>Marc Glens</StrtNm>
            <BldgNb>77</BldgNb>
            <PstCd>44447</PstCd>
            <TwnNm>Owensberg</TwnNm>
            <Ctry>RS</Ctry>
          </PstlAdr>
        </Cdtr>
        <CdtrAcct>
          <Id>
            <IBAN>RS90001094396907844736</IBAN>
          </Id>
        </CdtrAcct>
      </CdtTrfTxInf>
    </PmtInf>
  </CstmrCdtTrfInitn>
</Document>
