<?xml version='1.0' encoding='UTF-8'?>
<Document xmlns="urn:iso:std:iso:20022:tech:xsd:pain.001.001.09" xmlns:xsi="http://www.w3.org/2001/XMLSchema-instance">
  <CstmrCdtTrfInitn>
    <GrpHdr>
      <MsgId>MSG-82456fb44ab7</MsgId>
      <CreDtTm>2026-03-20T19:23:54.883248</CreDtTm>
      <NbOfTxs>4</NbOfTxs>
      <CtrlSum>32500</CtrlSum>
      <InitgPty>
        <Nm>Muster AG</Nm>
      </InitgPty>
    </GrpHdr>
    <PmtInf>
      <PmtInfId>PMT-d5b077e06a5d</PmtInfId>
      <PmtMtd>TRF</PmtMtd>
      <NbOfTxs>2</NbOfTxs>
      <CtrlSum>30000</CtrlSum>
      <ReqdExctnDt>
        <Dt>2026-03-23</Dt>
      </ReqdExctnDt>
      <Dbtr>
        <Nm>Muster AG</Nm>
        <PstlAdr>
          <StrtNm>Bahnhofstrasse</StrtNm>
          <BldgNb>1</BldgNb>
          <PstCd>8001</PstCd>
          <TwnNm>Zuerich</TwnNm>
          <Ctry>CH</Ctry>
        </PstlAdr>
      </Dbtr>
      <DbtrAcct>
        <Id>
          <IBAN>CH5604835012345678009</IBAN>
        </Id>
      </DbtrAcct>
      <DbtrAgt>
        <FinInstnId>
          <BICFI>CRESCHZZ80A</BICFI>
        </FinInstnId>
      </DbtrAgt>
      <CdtTrfTxInf>
        <PmtId>
          <EndToEndId>E2E-8c99a894445d</EndToEndId>
        </PmtId>
        <Amt>
          <InstdAmt Ccy="USD">15000</InstdAmt>
        </Amt>
        <CdtrAgt>
          <FinInstnId>
            <BICFI>BNPAFRPP</BICFI>
          </FinInstnId>
        </CdtrAgt>
        <Cdtr>
          <Nm>Naef Frick  Soehne</Nm>
          <PstlAdr>
            <StrtNm>May Locks</StrtNm>
            <BldgNb>195</BldgNb>
            <PstCd>93439</PstCd>
            <TwnNm>Lake Jeffreyshire</TwnNm>
            <Ctry>GB</Ctry>
          </PstlAdr>
        </Cdtr>
        <CdtrAcct>
          <Id>
            <IBAN>GB27154516808760385977</IBAN>
          </Id>
        </CdtrAcct>
      </CdtTrfTxInf>
      <CdtTrfTxInf>
        <PmtId>
          <EndToEndId>E2E-7f95897c276a</EndToEndId>
        </PmtId>
        <Amt>
          <InstdAmt Ccy="USD">15000</InstdAmt>
        </Amt>
        <CdtrAgt>
          <FinInstnId>
            <BICFI>BNPAFRPP</BICFI>
          </FinInstnId>
        </CdtrAgt>
        <Cdtr>
          <Nm>Gerber Walter AG</Nm>
          <PstlAdr>
            <StrtNm>May Locks</StrtNm>
            <BldgNb>31</BldgNb>
            <PstCd>93439</PstCd>
            <TwnNm>Lake Jeffreyshire</TwnNm>
            <Ctry>GB</Ctry>
          </PstlAdr>
        </Cdtr>
        <CdtrAcct>
          <Id>
            <IBAN>GB05247710932480861317</IBAN>
          </Id>
        </CdtrAcct>
      </CdtTrfTxInf>
    </PmtInf>
    <PmtInf>
      <PmtInfId>PMT-74f93d17e912</PmtInfId>
      <PmtMtd>TRF</PmtMtd>
      <NbOfTxs>2</NbOfTxs>
      <CtrlSum>2500</CtrlSum>
      <PmtTpInf>
        <SvcLvl>
          <Cd>SEPA</Cd>
        </SvcLvl>
      </PmtTpInf>
      <ReqdExctnDt>
        <Dt>2026-03-23</Dt>
      </ReqdExctnDt>
      <Dbtr>
        <Nm>Muster AG</Nm>
        <PstlAdr>
          <StrtNm>Bahnhofstrasse</StrtNm>
          <BldgNb>1</BldgNb>
          <PstCd>8001</PstCd>
          <TwnNm>Zuerich</TwnNm>
          <Ctry>CH</Ctry>
        </PstlAdr>
      </Dbtr>
      <DbtrAcct>
        <Id>
          <IBAN>CH5604835012345678009</IBAN>
        </Id>
      </DbtrAcct>
      <DbtrAgt>
        <FinInstnId>
          <BICFI>CRESCHZZ80A</BICFI>
        </FinInstnId>
      </DbtrAgt>
      <ChrgBr>SLEV</ChrgBr>
      <CdtTrfTxInf>
        <PmtId>
          <EndToEndId>E2E-96418cedd664</EndToEndId>
        </PmtId>
        <Amt>
          <InstdAmt Ccy="EUR">1250</InstdAmt>
        </Amt>
        <Cdtr>
          <Nm>Gerber Walter AG</Nm>
          <PstlAdr>
            <StrtNm>Donald Common</StrtNm>
            <BldgNb>73</BldgNb>
            <PstCd>16759</PstCd>
            <TwnNm>Tammyville</TwnNm>
            <Ctry>LV</Ctry>
          </PstlAdr>
        </Cdtr>
        <CdtrAcct>
          <Id>
            <IBAN>LV7573782639821465840</IBAN>
          </Id>
        </CdtrAcct>
      </CdtTrfTxInf>
      <CdtTrfTxInf>
        <PmtId>
          <EndToEndId>E2E-dea4ae1754fd</EndToEndId>
        </PmtId>
        <Amt>
          <InstdAmt Ccy="EUR">1250</InstdAmt>
        </Amt>
        <Cdtr>
          <Nm>Senn Schwarz GmbH</Nm>
          <PstlAdr>
            <StrtNm>Joseph Stream</StrtNm>
            <BldgNb>129</BldgNb>
            <PstCd>29705</PstCd>
            <TwnNm>Danielport</TwnNm>
            <Ctry>MT</Ctry>
          </PstlAdr>
        </Cdtr>
        <CdtrAcct>
          <Id>
            <IBAN>MT16727875588675339636057662702</IBAN>
          </Id>
        </CdtrAcct>
      </CdtTrfTxInf>
    </PmtInf>
  </CstmrCdtTrfInitn>
</Document>
