<?xml version='1.0' encoding='UTF-8'?>
<Document xmlns="urn:iso:std:iso:20022:tech:xsd:pain.001.001.09" xmlns:xsi="http://www.w3.org/2001/XMLSchema-instance">
  <CstmrCdtTrfInitn>
    <GrpHdr>
      <MsgId>MSG-0257185126a9</MsgId>
      <CreDtTm>2026-03-28T23:33:55.893624</CreDtTm>
      <NbOfTxs>1</NbOfTxs>
      <CtrlSum>25000</CtrlSum>
      <InitgPty>
        <Nm>Meister Roos  Co.</Nm>
      </InitgPty>
    </GrpHdr>
    <PmtInf>
      <PmtInfId>PMT-5f8a14bd74bd</PmtInfId>
      <PmtMtd>TRF</PmtMtd>
      <NbOfTxs>1</NbOfTxs>
      <CtrlSum>25000</CtrlSum>
      <ReqdExctnDt>
        <Dt>2026-03-30</Dt>
      </ReqdExctnDt>
      <Dbtr>
        <Nm>Meister Roos  Co.</Nm>
      </Dbtr>
      <DbtrAcct>
        <Id>
          <IBAN>CH5604835012345678009</IBAN>
        </Id>
      </DbtrAcct>
      <DbtrAgt>
        <FinInstnId/>
      </DbtrAgt>
      <ChrgBr>SHAR</ChrgBr>
      <CdtTrfTxInf>
        <PmtId>
          <EndToEndId>E2E-3b3f3800a175</EndToEndId>
          <UETR>66c56adb-e507-4317-90ec-fb2bed949307</UETR>
        </PmtId>
        <Amt>
          <InstdAmt Ccy="JPY">25000</InstdAmt>
        </Amt>
        <CdtrAgt>
          <FinInstnId>
            <BICFI>BNPAFRPPXXX</BICFI>
          </FinInstnId>
        </CdtrAgt>
        <Cdtr>
          <Nm>Bianchi AG</Nm>
          <PstlAdr>
            <StrtNm>Anthony Parkways</StrtNm>
            <BldgNb>106</BldgNb>
            <PstCd>41288</PstCd>
            <TwnNm>Burchland</TwnNm>
            <Ctry>KZ</Ctry>
          </PstlAdr>
        </Cdtr>
        <CdtrAcct>
          <Id>
            <IBAN>KZ277725228728080100</IBAN>
          </Id>
        </CdtrAcct>
      </CdtTrfTxInf>
    </PmtInf>
  </CstmrCdtTrfInitn>
</Document>
