<?xml version='1.0' encoding='UTF-8'?>
<Document xmlns="urn:iso:std:iso:20022:tech:xsd:pain.001.001.09" xmlns:xsi="http://www.w3.org/2001/XMLSchema-instance">
  <CstmrCdtTrfInitn>
    <GrpHdr>
      <MsgId>MSG-ffe629949580</MsgId>
      <CreDtTm>2026-03-28T23:33:55.974826</CreDtTm>
      <NbOfTxs>1</NbOfTxs>
      <CtrlSum>200000</CtrlSum>
      <InitgPty>
        <Nm>Muster AG</Nm>
      </InitgPty>
    </GrpHdr>
    <PmtInf>
      <PmtInfId>PMT-19a2676f28dd</PmtInfId>
      <PmtMtd>TRF</PmtMtd>
      <NbOfTxs>1</NbOfTxs>
      <CtrlSum>200000</CtrlSum>
      <PmtTpInf>
        <CtgyPurp>
          <Cd>SUPP</Cd>
        </CtgyPurp>
      </PmtTpInf>
      <ReqdExctnDt>
        <Dt>2026-03-30</Dt>
      </ReqdExctnDt>
      <Dbtr>
        <Nm>Muster AG</Nm>
      </Dbtr>
      <DbtrAcct>
        <Id>
          <IBAN>CH5604835012345678009</IBAN>
        </Id>
      </DbtrAcct>
      <DbtrAgt>
        <FinInstnId>
          <BICFI>CRESCHZZ80A</BICFI>
        </FinInstnId>
      </DbtrAgt>
      <ChrgBr>DEBT</ChrgBr>
      <CdtTrfTxInf>
        <PmtId>
          <EndToEndId>E2E-8788dfed78c0</EndToEndId>
          <UETR>e3b2f8cd-5570-4bfb-81eb-eb59f684aa0b</UETR>
        </PmtId>
        <Amt>
          <InstdAmt Ccy="JPY">200000</InstdAmt>
        </Amt>
        <CdtrAgt>
          <FinInstnId>
            <BICFI>WESTGB2L</BICFI>
          </FinInstnId>
        </CdtrAgt>
        <Cdtr>
          <Nm>Globex Corporation</Nm>
          <PstlAdr>
            <StrtNm>Camacho Turnpike</StrtNm>
            <BldgNb>15</BldgNb>
            <PstCd>83562</PstCd>
            <TwnNm>Port Paulhaven</TwnNm>
            <Ctry>GB</Ctry>
          </PstlAdr>
        </Cdtr>
        <CdtrAcct>
          <Id>
            <IBAN>GB82WEST12345698765432</IBAN>
          </Id>
        </CdtrAcct>
        <RmtInf>
          <Ustrd>Final settlement REF-99</Ustrd>
        </RmtInf>
      </CdtTrfTxInf>
    </PmtInf>
  </CstmrCdtTrfInitn>
</Document>
