<?xml version='1.0' encoding='UTF-8'?>
<Document xmlns="urn:iso:std:iso:20022:tech:xsd:pain.001.001.09" xmlns:xsi="http://www.w3.org/2001/XMLSchema-instance">
  <CstmrCdtTrfInitn>
    <GrpHdr>
      <MsgId>MSG-6c9f82b9f647</MsgId>
      <CreDtTm>2026-03-21T10:50:44.877538</CreDtTm>
      <NbOfTxs>1</NbOfTxs>
      <CtrlSum>3000</CtrlSum>
      <InitgPty>
        <Nm>Muster AG</Nm>
      </InitgPty>
    </GrpHdr>
    <PmtInf>
      <PmtInfId>PMT-d865d69a74f3</PmtInfId>
      <PmtMtd>TRF</PmtMtd>
      <NbOfTxs>1</NbOfTxs>
      <CtrlSum>3000</CtrlSum>
      <PmtTpInf>
        <SvcLvl>
          <Cd>SEPA</Cd>
        </SvcLvl>
      </PmtTpInf>
      <ReqdExctnDt>
        <Dt>2026-03-23</Dt>
      </ReqdExctnDt>
      <Dbtr>
        <Nm>Muster AG</Nm>
        <PstlAdr>
          <StrtNm>Bahnhofstrasse</StrtNm>
          <BldgNb>1</BldgNb>
          <PstCd>8001</PstCd>
          <TwnNm>Zuerich</TwnNm>
          <Ctry>CH</Ctry>
        </PstlAdr>
      </Dbtr>
      <DbtrAcct>
        <Id>
          <IBAN>CH5604835012345678009</IBAN>
        </Id>
      </DbtrAcct>
      <DbtrAgt>
        <FinInstnId>
          <BICFI>CRESCHZZ80A</BICFI>
        </FinInstnId>
      </DbtrAgt>
      <ChrgBr>SLEV</ChrgBr>
      <CdtTrfTxInf>
        <PmtId>
          <EndToEndId>E2E-966b1964fcd6</EndToEndId>
        </PmtId>
        <Amt>
          <InstdAmt Ccy="EUR">3000</InstdAmt>
        </Amt>
        <CdtrAgt>
          <FinInstnId>
            <BICFI>DEUTDEFF</BICFI>
          </FinInstnId>
        </CdtrAgt>
        <Cdtr>
          <Nm>Deutsche Bank AG</Nm>
          <PstlAdr>
            <StrtNm>Sabrina Rapid</StrtNm>
            <BldgNb>114</BldgNb>
            <PstCd>65523</PstCd>
            <TwnNm>East Aaron</TwnNm>
            <Ctry>CZ</Ctry>
          </PstlAdr>
        </Cdtr>
        <CdtrAcct>
          <Id>
            <IBAN>CZ6021969379237474074821</IBAN>
          </Id>
        </CdtrAcct>
      </CdtTrfTxInf>
    </PmtInf>
  </CstmrCdtTrfInitn>
</Document>
