<?xml version='1.0' encoding='UTF-8'?>
<Document xmlns="urn:iso:std:iso:20022:tech:xsd:pain.001.001.09" xmlns:xsi="http://www.w3.org/2001/XMLSchema-instance">
  <CstmrCdtTrfInitn>
    <GrpHdr>
      <MsgId>MSG-bc5fd4ddd92f</MsgId>
      <CreDtTm>2026-03-28T18:02:53.570766</CreDtTm>
      <NbOfTxs>1</NbOfTxs>
      <CtrlSum>5000</CtrlSum>
      <InitgPty>
        <Nm>Hasler AG</Nm>
      </InitgPty>
    </GrpHdr>
    <PmtInf>
      <PmtInfId>PMT-23595fa4b4ad</PmtInfId>
      <PmtMtd>TRF</PmtMtd>
      <NbOfTxs>1</NbOfTxs>
      <CtrlSum>5000</CtrlSum>
      <ReqdExctnDt>
        <Dt>2026-03-30</Dt>
      </ReqdExctnDt>
      <Dbtr>
        <Nm>Hasler AG</Nm>
      </Dbtr>
      <DbtrAcct>
        <Id>
          <IBAN>CH5604835012345678009</IBAN>
        </Id>
      </DbtrAcct>
      <DbtrAgt>
        <FinInstnId/>
      </DbtrAgt>
      <ChrgBr>SHAR</ChrgBr>
      <CdtTrfTxInf>
        <PmtId>
          <EndToEndId>E2E-eba742d29c89</EndToEndId>
          <UETR>7871b960-6d2c-4f3b-85eb-795daa99d4a7</UETR>
        </PmtId>
        <Amt>
          <InstdAmt Ccy="PLN">5000</InstdAmt>
        </Amt>
        <Cdtr>
          <Nm>Baur  Soehne</Nm>
          <PstlAdr>
            <StrtNm>Horne Shores</StrtNm>
            <BldgNb>106</BldgNb>
            <PstCd>53293</PstCd>
            <TwnNm>Port Ryan</TwnNm>
            <Ctry>AE</Ctry>
          </PstlAdr>
        </Cdtr>
        <CdtrAcct>
          <Id>
            <IBAN>AE699728962309130756263</IBAN>
          </Id>
        </CdtrAcct>
      </CdtTrfTxInf>
    </PmtInf>
  </CstmrCdtTrfInitn>
</Document>
