<?xml version='1.0' encoding='UTF-8'?>
<Document xmlns="urn:iso:std:iso:20022:tech:xsd:pain.001.001.09" xmlns:xsi="http://www.w3.org/2001/XMLSchema-instance">
  <CstmrCdtTrfInitn>
    <GrpHdr>
      <MsgId>MSG-fff9f5850d55</MsgId>
      <CreDtTm>2026-03-28T18:02:53.506947</CreDtTm>
      <NbOfTxs>1</NbOfTxs>
      <CtrlSum>7500</CtrlSum>
      <InitgPty>
        <Nm>Maurer  Cie.</Nm>
      </InitgPty>
    </GrpHdr>
    <PmtInf>
      <PmtInfId>PMT-a66fd7f73966</PmtInfId>
      <PmtMtd>TRF</PmtMtd>
      <NbOfTxs>1</NbOfTxs>
      <CtrlSum>7500</CtrlSum>
      <ReqdExctnDt>
        <Dt>2026-03-30</Dt>
      </ReqdExctnDt>
      <Dbtr>
        <Nm>Maurer  Cie.</Nm>
      </Dbtr>
      <DbtrAcct>
        <Id>
          <IBAN>CH5604835012345678009</IBAN>
        </Id>
      </DbtrAcct>
      <DbtrAgt>
        <FinInstnId/>
      </DbtrAgt>
      <ChrgBr>SHAR</ChrgBr>
      <CdtTrfTxInf>
        <PmtId>
          <EndToEndId>E2E-04f64d867866</EndToEndId>
          <UETR>5eb78ed9-892a-4edc-a853-c7b20ee45552</UETR>
        </PmtId>
        <Amt>
          <InstdAmt Ccy="USD">7500</InstdAmt>
        </Amt>
        <CdtrAgt>
          <FinInstnId>
            <BICFI>CHASUS33XXX</BICFI>
          </FinInstnId>
        </CdtrAgt>
        <Cdtr>
          <Nm>Weber  Co.</Nm>
          <PstlAdr>
            <StrtNm>James Wall</StrtNm>
            <BldgNb>65</BldgNb>
            <PstCd>22939</PstCd>
            <TwnNm>Port Francisco</TwnNm>
            <Ctry>SA</Ctry>
          </PstlAdr>
        </Cdtr>
        <CdtrAcct>
          <Id>
            <IBAN>SA0569901627204653755646</IBAN>
          </Id>
        </CdtrAcct>
      </CdtTrfTxInf>
    </PmtInf>
  </CstmrCdtTrfInitn>
</Document>
