<?xml version='1.0' encoding='UTF-8'?>
<Document xmlns="urn:iso:std:iso:20022:tech:xsd:pain.001.001.09" xmlns:xsi="http://www.w3.org/2001/XMLSchema-instance">
  <CstmrCdtTrfInitn>
    <GrpHdr>
      <MsgId>MSG-b963f37f6781</MsgId>
      <CreDtTm>2026-03-28T18:02:53.505767</CreDtTm>
      <NbOfTxs>1</NbOfTxs>
      <CtrlSum>2500</CtrlSum>
      <InitgPty>
        <Nm>Bachmann GmbH</Nm>
      </InitgPty>
    </GrpHdr>
    <PmtInf>
      <PmtInfId>PMT-eb67146a77a6</PmtInfId>
      <PmtMtd>TRF</PmtMtd>
      <NbOfTxs>1</NbOfTxs>
      <CtrlSum>2500</CtrlSum>
      <ReqdExctnDt>
        <Dt>2026-03-30</Dt>
      </ReqdExctnDt>
      <Dbtr>
        <Nm>Bachmann GmbH</Nm>
      </Dbtr>
      <DbtrAcct>
        <Id>
          <IBAN>CH5604835012345678009</IBAN>
        </Id>
      </DbtrAcct>
      <DbtrAgt>
        <FinInstnId/>
      </DbtrAgt>
      <ChrgBr>SHAR</ChrgBr>
      <CdtTrfTxInf>
        <PmtId>
          <EndToEndId>E2E-ab3b4d37560c</EndToEndId>
          <UETR>c3ef4b79-4fd2-4988-94e1-ac56b9bf3136</UETR>
        </PmtId>
        <Amt>
          <InstdAmt Ccy="GBP">2500</InstdAmt>
        </Amt>
        <Cdtr>
          <Nm>Braun Suter GmbH</Nm>
          <PstlAdr>
            <StrtNm>Newman Views</StrtNm>
            <BldgNb>125</BldgNb>
            <PstCd>78099</PstCd>
            <TwnNm>Moyershire</TwnNm>
            <Ctry>AL</Ctry>
          </PstlAdr>
        </Cdtr>
        <CdtrAcct>
          <Id>
            <IBAN>AL22760366909670546688937346</IBAN>
          </Id>
        </CdtrAcct>
      </CdtTrfTxInf>
    </PmtInf>
  </CstmrCdtTrfInitn>
</Document>
