<?xml version='1.0' encoding='UTF-8' standalone='yes'?>
<Document xmlns="urn:iso:std:iso:20022:tech:xsd:pain.001.001.09" xmlns:xsi="http://www.w3.org/2001/XMLSchema-instance">
  <CstmrCdtTrfInitn>
    <GrpHdr>
      <MsgId>MSG-fd74a345ba6e</MsgId>
      <CreDtTm>2026-04-08T14:01:28.097898</CreDtTm>
      <NbOfTxs>1</NbOfTxs>
      <CtrlSum>1500</CtrlSum>
      <InitgPty>
        <Nm>Graf AG</Nm>
      </InitgPty>
    </GrpHdr>
    <PmtInf>
      <PmtInfId>PMT-9307b959a36b</PmtInfId>
      <PmtMtd>TRF</PmtMtd>
      <NbOfTxs>1</NbOfTxs>
      <CtrlSum>1500</CtrlSum>
      <PmtTpInf>
        <SvcLvl>
          <Cd>SEPA</Cd>
        </SvcLvl>
      </PmtTpInf>
      <ReqdExctnDt>
        <Dt>2026-04-09</Dt>
      </ReqdExctnDt>
      <Dbtr>
        <Nm>Graf AG</Nm>
        <PstlAdr>
          <StrtNm>Bahnhofstrasse</StrtNm>
          <BldgNb>42</BldgNb>
          <PstCd>8001</PstCd>
          <TwnNm>Zurich</TwnNm>
          <Ctry>CH</Ctry>
        </PstlAdr>
      </Dbtr>
      <DbtrAcct>
        <Id>
          <IBAN>CH5604835012345678009</IBAN>
        </Id>
      </DbtrAcct>
      <DbtrAgt>
        <FinInstnId>
          <ClrSysMmbId>
            <MmbId>04835</MmbId>
          </ClrSysMmbId>
        </FinInstnId>
      </DbtrAgt>
      <ChrgBr>SLEV</ChrgBr>
      <CdtTrfTxInf>
        <PmtId>
          <EndToEndId>E2E-4e1617cdb99e</EndToEndId>
        </PmtId>
        <Amt>
          <InstdAmt Ccy="EUR">1500</InstdAmt>
        </Amt>
        <Cdtr>
          <Nm>Probst Winkler  Partner</Nm>
          <PstlAdr>
            <StrtNm>Dean Street</StrtNm>
            <BldgNb>43</BldgNb>
            <PstCd>K63 DE8V</PstCd>
            <TwnNm>Bronagh Ville</TwnNm>
            <Ctry>IE</Ctry>
          </PstlAdr>
        </Cdtr>
        <CdtrAcct>
          <Id>
            <IBAN>IE07QNXZ22609569508955</IBAN>
          </Id>
        </CdtrAcct>
      <RmtInf></RmtInf></CdtTrfTxInf>
    </PmtInf>
  </CstmrCdtTrfInitn>
</Document>
