<?xml version='1.0' encoding='UTF-8' standalone='yes'?>
<Document xmlns="urn:iso:std:iso:20022:tech:xsd:pain.001.001.09" xmlns:xsi="http://www.w3.org/2001/XMLSchema-instance">
  <CstmrCdtTrfInitn>
    <GrpHdr>
      <MsgId>MSG-61f58126486c</MsgId>
      <CreDtTm>2026-04-08T14:29:13.715427</CreDtTm>
      <NbOfTxs>1</NbOfTxs>
      <CtrlSum>1500</CtrlSum>
      <InitgPty>
        <Nm>Hauser Gerber AG</Nm>
      </InitgPty>
    </GrpHdr>
    <PmtInf>
      <PmtInfId>PMT-dee28fc6132c</PmtInfId>
      <PmtMtd>TRF</PmtMtd>
      <NbOfTxs>1</NbOfTxs>
      <CtrlSum>1500</CtrlSum>
      <PmtTpInf>
        <SvcLvl>
          <Cd>SEPA</Cd>
        </SvcLvl>
      </PmtTpInf>
      <ReqdExctnDt>
        <Dt>2026-04-09</Dt>
      </ReqdExctnDt>
      <Dbtr>
        <Nm>Hauser Gerber AG</Nm>
        <PstlAdr>
          <StrtNm>Bahnhofstrasse</StrtNm>
          <BldgNb>42</BldgNb>
          <PstCd>8001</PstCd>
          <TwnNm>Zurich</TwnNm>
          <Ctry>CH</Ctry>
        </PstlAdr>
      <Id><OrgId><Othr><Id>CHE-112.334.566</Id><SchmeNm><Prtry>CH-UID-NUMMER</Prtry></SchmeNm></Othr></OrgId></Id></Dbtr>
      <DbtrAcct>
        <Id>
          <IBAN>CH5604835012345678009</IBAN>
        </Id>
      </DbtrAcct>
      <DbtrAgt>
        <FinInstnId>
          <ClrSysMmbId>
            <MmbId>04835</MmbId>
          </ClrSysMmbId>
        </FinInstnId>
      </DbtrAgt>
      <ChrgBr>SLEV</ChrgBr>
      <CdtTrfTxInf>
        <PmtId>
          <EndToEndId>E2E-d28f208463c0</EndToEndId>
        </PmtId>
        <Amt>
          <InstdAmt Ccy="EUR">1500</InstdAmt>
        </Amt>
        <Cdtr>
          <Nm>Leu Hotz  Partner</Nm>
          <PstlAdr>
            <StrtNm>Krausesvej</StrtNm>
            <BldgNb>136</BldgNb>
            <PstCd>9574</PstCd>
            <TwnNm>Hemmet</TwnNm>
            <Ctry>DK</Ctry>
          </PstlAdr>
        </Cdtr>
        <CdtrAcct>
          <Id>
            <IBAN>DK6581906829418672</IBAN>
          </Id>
        </CdtrAcct>
      </CdtTrfTxInf>
    </PmtInf>
  </CstmrCdtTrfInitn>
</Document>
